2181 3155
350 219 441 265 268
832 215 1063 263 DOVER
1101 214 1469 262 CHARTERS

973 348 1020 398 L
1037 348 1094 398 X
1112 347 1169 398 X
1187 347 1245 397 X
1261 346 1328 398 V.

778 478 884 507 xxx
918 465 1140 517 Augusti,
1178 470 1228 516 17
1264 463 1394 505 Edw.
1442 462 1520 505 IV.

346 569 465 617 an
535 570 785 618 indentura
855 579 1054 616 testatur
1124 569 1250 632 quod
1320 567 1557 628 Johannes
1624 565 1955 631 Tempylman,

341 638 577 698 Johannes
620 636 819 694 ffullare,
864 637 1098 683 Robertus
1138 634 1385 691 Sinethiot,
1428 646 1475 682 et
1518 633 1775 681 Nicholaus
1811 632 1953 696 ffyne,

345 705 576 752 Custodes
612 704 720 751 ville
756 705 988 762 Dovorre,
1028 703 1234 750 unanimi
1264 718 1448 748 assensu
1478 713 1523 748 et
1549 717 1777 748 concensu
1802 700 1955 747 tocius

344 771 714 819 Communitatis
749 771 959 836 ejusdem
998 770 1104 816 ville
1142 770 1441 816 tradiderunt
1472 779 1797 815 concesserunt
1826 779 1871 814 et
1897 768 1952 815 ad

343 837 467 886 feodi
494 839 676 885 firmam
701 839 979 885 dimiserunt
1008 837 1216 883 Roberto
1241 837 1472 899 Vyncent,
1498 837 1556 883 de
1594 836 1814 882 Dovorra
1850 851 1953 898 pre-

343 907 482 963 dicta,
509 923 648 952 unam
674 917 845 952 terram
872 921 1066 952 vacuam
1083 905 1316 970 jacentem
1351 903 1470 950 infra
1494 903 1755 949 libertatem
1783 903 1956 949 Portus

342 974 560 1019 Dovorre
618 973 665 1018 in
719 972 1095 1037 Wolvyswarde,
1149 971 1272 1018 inter
1326 983 1496 1017 terram
1552 970 1781 1017 willelmi
1828 969 1953 1015 Alan

342 1056 502 1086 versus
562 1040 791 1096 northest,
851 1055 1150 1086 communem
1210 1039 1438 1084 venellam
1505 1054 1662 1084 versus
1722 1037 1952 1093 southest,

344 1108 539 1172 Regiam
610 1118 801 1154 stratam
871 1123 1029 1154 versus
1098 1106 1370 1161 southwest,
1429 1116 1474 1151 et
1533 1116 1706 1151 terram
1764 1104 1953 1150 Thome

342 1174 520 1221 Gerves
562 1190 722 1220 versus
764 1174 1050 1220 northwest:
1108 1172 1302 1219 habend’
1356 1184 1400 1218 et
1455 1172 1640 1218 tenend‘
1695 1171 1951 1235 predictam

340 1254 512 1288 terram
572 1258 678 1288 cum
726 1241 820 1287 suis
873 1240 1170 1304 pertinenciis
1223 1239 1406 1303 prefato
1462 1239 1671 1285 Roberto
1718 1238 1951 1301 Vyncent,

340 1309 588 1356 heredibus
630 1319 674 1354 et
716 1308 956 1372 assignatis
996 1308 1089 1354 suis
1135 1308 1516 1370 imperpetuum:
1570 1305 1783 1352 ffaciend'
1842 1305 1951 1352 inde

339 1376 586 1423 servicium
628 1376 810 1422 domini
854 1375 996 1440 Regis
1044 1375 1301 1421 secundum
1345 1373 1733 1420 consuetudinem
1787 1384 1951 1435 portus

341 1443 537 1507 predicti
564 1460 671 1489 cum
697 1443 903 1488 evenerit
929 1461 936 1489 ι
976 1453 1021 1488 et
1047 1440 1271 1488 reddend’
1298 1441 1406 1487 inde
1430 1441 1669 1487 annuatim
1695 1440 1750 1486 ad
1777 1438 1950 1486 festum

338 1510 616 1557 Nativitatis
653 1510 804 1556 Sancti
843 1509 1071 1570 Johannis
1114 1508 1336 1572 Baptiste‚
1378 1507 1552 1572 Majori
1593 1519 1637 1554 et
1664 1507 1951 1554 Custodibus

338 1578 555 1625 Dovorre
593 1577 800 1641 predicte
836 1578 915 1640 qui
954 1593 1039 1639 pro
1069 1587 1282 1639 tempore
1308 1575 1482 1622 fuerint
1508 1586 1712 1639 quatuor
1737 1574 1951 1621 denarios

338 1645 546 1691 annualis
587 1644 831 1691 redditus:
870 1656 915 1689 et
954 1644 990 1689 si
1030 1644 1270 1706 contingat
1309 1643 1490 1690 dictum
1520 1643 1766 1688 annualem
1791 1642 1950 1688 reddi-

337 1724 439 1759 tum
465 1723 669 1776 quatuor
693 1711 991 1758 denariorum
1017 1721 1170 1757 aretro
1195 1709 1295 1757 fore
1321 1710 1442 1756 ultra
1475 1708 1648 1756 festum
1686 1709 1948 1773 predictum

338 1797 418 1843 per
455 1778 572 1826 xvcim
609 1779 707 1825 dies
747 1795 839 1824 non
877 1777 1103 1834 solutum,
1141 1788 1310 1824 extunc
1347 1777 1528 1823 licitum
1567 1776 1654 1823 erit
1699 1776 1874 1840 Majori
1903 1787 1949 1822 et

337 1846 627 1894 Custodibus
652 1857 816 1909 portus
842 1845 1038 1908 predicti
1065 1845 1146 1909 qui
1181 1861 1266 1908 pro
1302 1856 1512 1908 tempore
1550 1842 1723 1890 fuerint
1761 1844 1807 1889 in
1845 1860 1949 1906 pre-

335 1914 510 1960 dictam
550 1925 719 1960 terram
758 1929 866 1959 cum
905 1912 999 1958 suis
1038 1912 1336 1975 pertinenciis
1367 1912 1554 1958 nomine
1581 1910 1948 1958 Communitatis

335 1981 543 2045 ejusdem
571 1980 679 2026 ville
706 1981 928 2025 reintrare
952 1991 997 2026 et
1023 1979 1148 2025 illam
1175 1979 1392 2026 rehabere
1417 1996 1466 2025 ac
1500 1978 1684 2042 pacifice
1715 1977 1948 2041 possidere

335 2048 426 2094 illis
450 2059 495 2094 et
520 2064 684 2094 eorum
716 2046 1056 2092 successoribus
1091 2047 1471 2110 imperpetuum:
1511 2058 1555 2091 et
1594 2045 1787 2108 predicti
1827 2044 1946 2091 Cus—

334 2115 468 2162 todes
504 2127 549 2161 et
588 2114 917 2161 Communitas
954 2124 999 2159 et
1037 2130 1319 2159 successores
1354 2114 1421 2159 sui
1473 2113 1724 2175 predictam
1774 2126 1943 2158 terram

334 2199 440 2229 cum
466 2182 561 2228 suis
591 2181 886 2245 pertinenciis
923 2179 1103 2243 prefato
1142 2181 1348 2226 Roberto
1374 2180 1604 2242 Vyncent,
1631 2179 1875 2226 heredibus
1898 2190 1943 2225 et

335 2249 575 2313 assignatis
631 2248 727 2294 suis
777 2249 823 2294 in
877 2247 1028 2294 forma
1081 2248 1302 2310 predicta,
1353 2260 1513 2293 contra
1563 2263 1725 2293 omnes
1782 2257 1944 2310 gentes

337 2315 702 2363 warantizabunt
750 2315 1112 2378 imperpetuum.

437 2383 489 2429 In
528 2383 658 2447 cujus
693 2382 757 2428 rei
794 2382 1116 2428 testimonium
1155 2393 1246 2427 tam
1281 2381 1486 2444 sigillum
1514 2380 1651 2427 officii
1681 2380 1944 2444 Majoratus

339 2452 557 2497 Dovorre
594 2449 797 2513 predicte
833 2466 972 2512 quam
1009 2449 1214 2512 sigillum
1252 2449 1363 2494 dicti
1399 2448 1587 2494 Roberti
1616 2448 1830 2509 Vyncent
1856 2447 1944 2493 hiis

335 2517 596 2564 indenturis
620 2516 882 2563 alternatim
909 2527 1019 2561 sunt
1045 2532 1256 2579 appensa,
1283 2514 1463 2579 prefato
1492 2515 1700 2560 Roberto
1727 2515 1939 2578 Vyncent

335 2597 445 2631 tunc
478 2584 674 2648 Majore.

434 2652 556 2697 Data
606 2650 841 2697 tricesimo
889 2650 963 2695 die
1015 2649 1185 2695 mensis
1229 2649 1431 2712 Augusti
1471 2666 1592 2694 anno
1630 2648 1757 2712 regni
1801 2647 1939 2711 Regis

336 2718 568 2773 Edwardi,
592 2718 745 2781 quarti
773 2728 874 2780 post
901 2729 1209 2780 conquestum
1236 2717 1425 2780 Anglie,
1450 2716 1651 2779 septimo
1674 2715 1866 2761 decimo.

339 2785 449 2848 [43]
