<?xml version="1.0" encoding="UTF-8"?>
<!DOCTYPE html PUBLIC "-//W3C//DTD XHTML 1.0 Transitional//EN"
    "http://www.w3.org/TR/xhtml1/DTD/xhtml1-transitional.dtd">
<html xmlns="http://www.w3.org/1999/xhtml" xml:lang="en" lang="en">
 <head>
  <title>
</title>
<meta http-equiv="Content-Type" content="text/html;charset=utf-8" />
  <meta name='ocr-system' content='tesseract 3.04.00' />
  <meta name='ocr-capabilities' content='ocr_page ocr_carea ocr_par ocr_line ocrx_word'/>
</head>
<body>
  <div class='ocr_page' id='page_1' title='image "./doverchartersoth00doverich_0470.png"; bbox 0 0 2181 3155; ppageno 0'>
   <div class='ocr_carea' id='block_1_1' title="bbox 228 203 1356 267">
    <p class='ocr_par' dir='ltr' id='par_1_1' title="bbox 228 203 1356 267">
     <span class='ocr_line' id='line_1_1' title="bbox 228 203 1356 267; baseline -0.002 -15"><span class='ocrx_word' id='word_1_1' title='bbox 228 208 322 267; x_wconf 79' lang='lat'>438</span> <span class='ocrx_word' id='word_1_2' title='bbox 710 204 948 252; x_wconf 86' lang='lat' dir='ltr'><strong>DOVER</strong></span> <span class='ocrx_word' id='word_1_3' title='bbox 985 203 1356 252; x_wconf 85' lang='lat' dir='ltr'>CHARTERS</span> 
     </span>
    </p>
   </div>
   <div class='ocr_carea' id='block_1_2' title="bbox 227 334 1840 1407">
    <p class='ocr_par' dir='ltr' id='par_1_2' title="bbox 227 334 1838 805">
     <span class='ocr_line' id='line_1_2' title="bbox 227 334 1836 385; baseline -0.002 0"><span class='ocrx_word' id='word_1_4' title='bbox 227 339 407 385; x_wconf 91' lang='lat' dir='ltr'>dictum</span> <span class='ocrx_word' id='word_1_5' title='bbox 423 338 664 385; x_wconf 86' lang='lat' dir='ltr'><strong>annualem</strong></span> <span class='ocrx_word' id='word_1_6' title='bbox 685 338 922 385; x_wconf 90' lang='lat' dir='ltr'>redditum</span> <span class='ocrx_word' id='word_1_7' title='bbox 948 337 1006 384; x_wconf 93' lang='lat' dir='ltr'>de</span> <span class='ocrx_word' id='word_1_8' title='bbox 1031 353 1094 383; x_wconf 89' lang='lat' dir='ltr'>vs.</span> <span class='ocrx_word' id='word_1_9' title='bbox 1121 353 1146 382; x_wconf 93' lang='lat' dir='ltr'>a</span> <span class='ocrx_word' id='word_1_10' title='bbox 1169 347 1296 383; x_wconf 89' lang='lat' dir='ltr'>retro</span> <span class='ocrx_word' id='word_1_11' title='bbox 1315 334 1416 382; x_wconf 90' lang='lat' dir='ltr'>fore</span> <span class='ocrx_word' id='word_1_12' title='bbox 1435 335 1559 382; x_wconf 90' lang='lat' dir='ltr'>ultra</span> <span class='ocrx_word' id='word_1_13' title='bbox 1580 336 1836 384; x_wconf 88' lang='lat' dir='ltr'>terminum</span> 
     </span>
     <span class='ocr_line' id='line_1_3' title="bbox 232 403 1836 469; baseline -0.002 -17"><span class='ocrx_word' id='word_1_14' title='bbox 232 405 493 469; x_wconf 90' lang='lat' dir='ltr'>predictum</span> <span class='ocrx_word' id='word_1_15' title='bbox 520 422 600 468; x_wconf 91' lang='lat' dir='ltr'>per</span> <span class='ocrx_word' id='word_1_16' title='bbox 625 405 738 469; x_wconf 86' lang='lat' dir='ltr'>xiiij.</span> <span class='ocrx_word' id='word_1_17' title='bbox 760 405 859 451; x_wconf 89' lang='lat' dir='ltr'>dies</span> <span class='ocrx_word' id='word_1_18' title='bbox 883 403 1160 461; x_wconf 87' lang='lat' dir='ltr'>insolutum,</span> <span class='ocrx_word' id='word_1_19' title='bbox 1180 403 1228 449; x_wconf 91' lang='lat' dir='ltr'>in</span> <span class='ocrx_word' id='word_1_20' title='bbox 1253 414 1383 466; x_wconf 88' lang='lat' dir='ltr'>parte</span> <span class='ocrx_word' id='word_1_21' title='bbox 1407 403 1479 448; x_wconf 90' lang='lat' dir='ltr'>vel</span> <span class='ocrx_word' id='word_1_22' title='bbox 1506 403 1552 449; x_wconf 91' lang='lat' dir='ltr'>in</span> <span class='ocrx_word' id='word_1_23' title='bbox 1577 414 1695 459; x_wconf 89' lang='lat' dir='ltr'>toto,</span> <span class='ocrx_word' id='word_1_24' title='bbox 1723 414 1836 450; x_wconf 91' lang='lat' dir='ltr'>tunc</span> 
     </span>
     <span class='ocr_line' id='line_1_4' title="bbox 230 469 1838 536; baseline -0.002 -17"><span class='ocrx_word' id='word_1_25' title='bbox 230 473 411 520; x_wconf 91' lang='lat' dir='ltr'>licitum</span> <span class='ocrx_word' id='word_1_26' title='bbox 450 472 539 519; x_wconf 89' lang='lat' dir='ltr'>erit</span> <span class='ocrx_word' id='word_1_27' title='bbox 582 472 757 536; x_wconf 87' lang='lat' dir='ltr'>Majori</span> <span class='ocrx_word' id='word_1_28' title='bbox 804 483 850 518; x_wconf 92' lang='lat' dir='ltr'>et</span> <span class='ocrx_word' id='word_1_29' title='bbox 892 469 1180 518; x_wconf 90' lang='lat' dir='ltr'>Custodibus</span> <span class='ocrx_word' id='word_1_30' title='bbox 1226 470 1306 534; x_wconf 90' lang='lat' dir='ltr'>qui</span> <span class='ocrx_word' id='word_1_31' title='bbox 1348 480 1459 516; x_wconf 91' lang='lat' dir='ltr'>tunc</span> <span class='ocrx_word' id='word_1_32' title='bbox 1501 486 1588 533; x_wconf 90' lang='lat' dir='ltr'>pro</span> <span class='ocrx_word' id='word_1_33' title='bbox 1628 480 1838 534; x_wconf 87' lang='lat' dir='ltr'>ternpore</span> 
     </span>
     <span class='ocr_line' id='line_1_5' title="bbox 230 536 1836 602; baseline -0.002 -16"><span class='ocrx_word' id='word_1_34' title='bbox 230 538 408 587; x_wconf 91' lang='lat' dir='ltr'>fuerint</span> <span class='ocrx_word' id='word_1_35' title='bbox 453 539 501 586; x_wconf 90' lang='lat' dir='ltr'>in</span> <span class='ocrx_word' id='word_1_36' title='bbox 559 539 814 602; x_wconf 84' lang='lat' dir='ltr'>predictam</span> <span class='ocrx_word' id='word_1_37' title='bbox 864 538 1039 601; x_wconf 89' lang='lat' dir='ltr'>peciam</span> <span class='ocrx_word' id='word_1_38' title='bbox 1097 548 1219 584; x_wconf 90' lang='lat' dir='ltr'>terre</span> <span class='ocrx_word' id='word_1_39' title='bbox 1264 552 1371 583; x_wconf 89' lang='lat' dir='ltr'>cum</span> <span class='ocrx_word' id='word_1_40' title='bbox 1412 536 1733 600; x_wconf 82' lang='lat' dir='ltr'>pertinenciis,</span> <span class='ocrx_word' id='word_1_41' title='bbox 1779 536 1836 583; x_wconf 92' lang='lat' dir='ltr'>ad</span> 
     </span>
     <span class='ocr_line' id='line_1_6' title="bbox 231 603 1838 671; baseline -0.002 -18"><span class='ocrx_word' id='word_1_42' title='bbox 231 622 640 671; x_wconf 89' lang='lat' dir='ltr'>quorumcumque</span> <span class='ocrx_word' id='word_1_43' title='bbox 660 622 823 652; x_wconf 91' lang='lat' dir='ltr'>manus</span> <span class='ocrx_word' id='word_1_44' title='bbox 845 604 1068 661; x_wconf 87' lang='lat' dir='ltr'>evenerit,</span> <span class='ocrx_word' id='word_1_45' title='bbox 1086 604 1308 650; x_wconf 89' lang='lat' dir='ltr'>reintrare</span> <span class='ocrx_word' id='word_1_46' title='bbox 1331 614 1378 650; x_wconf 90' lang='lat' dir='ltr'>et</span> <span class='ocrx_word' id='word_1_47' title='bbox 1397 603 1582 666; x_wconf 86' lang='lat' dir='ltr'>pacifice</span> <span class='ocrx_word' id='word_1_48' title='bbox 1606 603 1838 666; x_wconf 90' lang='lat' dir='ltr'>possidere</span> 
     </span>
     <span class='ocr_line' id='line_1_7' title="bbox 232 669 1837 736; baseline -0.003 -16"><span class='ocrx_word' id='word_1_49' title='bbox 232 673 318 720; x_wconf 88' lang='lat' dir='ltr'>sibi</span> <span class='ocrx_word' id='word_1_50' title='bbox 342 685 389 721; x_wconf 91' lang='lat' dir='ltr'>et</span> <span class='ocrx_word' id='word_1_51' title='bbox 415 672 754 720; x_wconf 87' lang='lat' dir='ltr'>successoribus</span> <span class='ocrx_word' id='word_1_52' title='bbox 778 671 874 718; x_wconf 87' lang='lat' dir='ltr'>suis</span> <span class='ocrx_word' id='word_1_53' title='bbox 901 671 1075 736; x_wconf 88' lang='lat' dir='ltr'>Majori</span> <span class='ocrx_word' id='word_1_54' title='bbox 1101 681 1147 718; x_wconf 92' lang='lat' dir='ltr'>et</span> <span class='ocrx_word' id='word_1_55' title='bbox 1172 669 1462 718; x_wconf 86' lang='lat' dir='ltr'>Custodibus</span> <span class='ocrx_word' id='word_1_56' title='bbox 1485 670 1694 736; x_wconf 89' lang='lat' dir='ltr'>ejusdem</span> <span class='ocrx_word' id='word_1_57' title='bbox 1728 671 1837 716; x_wconf 87' lang='lat' dir='ltr'>ville</span> 
     </span>
     <span class='ocr_line' id='line_1_8' title="bbox 232 742 592 805; baseline -0.003 -18"><span class='ocrx_word' id='word_1_58' title='bbox 232 742 592 805; x_wconf 85' lang='lat' dir='ltr'>imperpetuum.</span> 
     </span>
    </p>

    <p class='ocr_par' dir='ltr' id='par_1_3' title="bbox 229 803 1840 1003">
     <span class='ocr_line' id='line_1_9' title="bbox 333 803 1840 872; baseline -0.003 -18"><span class='ocrx_word' id='word_1_59' title='bbox 333 807 389 854; x_wconf 92' lang='lat' dir='ltr'>In</span> <span class='ocrx_word' id='word_1_60' title='bbox 435 807 567 872; x_wconf 88' lang='lat' dir='ltr'>cujus</span> <span class='ocrx_word' id='word_1_61' title='bbox 613 807 677 852; x_wconf 91' lang='lat' dir='ltr'>rei</span> <span class='ocrx_word' id='word_1_62' title='bbox 724 806 1046 853; x_wconf 91' lang='lat' dir='ltr'>testimonium</span> <span class='ocrx_word' id='word_1_63' title='bbox 1095 816 1189 851; x_wconf 89' lang='lat' dir='ltr'>tam</span> <span class='ocrx_word' id='word_1_64' title='bbox 1235 804 1439 869; x_wconf 89' lang='lat' dir='ltr'>sigillum</span> <span class='ocrx_word' id='word_1_65' title='bbox 1486 820 1686 851; x_wconf 89' lang='lat' dir='ltr'>comune</span> <span class='ocrx_word' id='word_1_66' title='bbox 1733 803 1840 851; x_wconf 90' lang='lat' dir='ltr'>ville</span> 
     </span>
     <span class='ocr_line' id='line_1_10' title="bbox 232 870 1840 939; baseline -0.002 -18"><span class='ocrx_word' id='word_1_67' title='bbox 232 874 453 939; x_wconf 90' lang='lat' dir='ltr'>predicte,</span> <span class='ocrx_word' id='word_1_68' title='bbox 486 889 626 938; x_wconf 91' lang='lat' dir='ltr'>quam</span> <span class='ocrx_word' id='word_1_69' title='bbox 659 873 868 936; x_wconf 85' lang='lat' dir='ltr'>sigillum</span> <span class='ocrx_word' id='word_1_70' title='bbox 899 872 1092 935; x_wconf 90' lang='lat' dir='ltr'>predicti</span> <span class='ocrx_word' id='word_1_71' title='bbox 1119 870 1293 918; x_wconf 86' lang='lat' dir='ltr'>xroferi</span> <span class='ocrx_word' id='word_1_72' title='bbox 1320 872 1451 919; x_wconf 90' lang='lat' dir='ltr'>Eliot</span> <span class='ocrx_word' id='word_1_73' title='bbox 1481 871 1552 918; x_wconf 88' lang='lat' dir='ltr'>his</span> <span class='ocrx_word' id='word_1_74' title='bbox 1576 871 1840 918; x_wconf 85' lang='lat' dir='ltr'>indenturis</span> 
     </span>
     <span class='ocr_line' id='line_1_11' title="bbox 229 941 829 1003; baseline -0.003 -15"><span class='ocrx_word' id='word_1_75' title='bbox 229 941 492 988; x_wconf 89' lang='lat' dir='ltr'>alternatim</span> <span class='ocrx_word' id='word_1_76' title='bbox 516 950 625 987; x_wconf 89' lang='lat' dir='ltr'>sunt</span> <span class='ocrx_word' id='word_1_77' title='bbox 650 956 829 1003; x_wconf 91' lang='lat' dir='ltr'>apensa.</span> 
     </span>
    </p>

    <p class='ocr_par' dir='ltr' id='par_1_4' title="bbox 229 1004 1839 1272">
     <span class='ocr_line' id='line_1_12' title="bbox 330 1004 1839 1070; baseline -0.001 -16"><span class='ocrx_word' id='word_1_78' title='bbox 330 1009 507 1054; x_wconf 90' lang='lat' dir='ltr'>Datum</span> <span class='ocrx_word' id='word_1_79' title='bbox 541 1007 665 1070; x_wconf 90' lang='lat' dir='ltr'>apud</span> <span class='ocrx_word' id='word_1_80' title='bbox 692 1007 856 1054; x_wconf 89' lang='lat' dir='ltr'>Dovor</span> <span class='ocrx_word' id='word_1_81' title='bbox 884 1005 1140 1070; x_wconf 90' lang='lat' dir='ltr'>predictam</span> <span class='ocrx_word' id='word_1_82' title='bbox 1166 1005 1227 1070; x_wconf 89' lang='lat' dir='ltr'>vj.</span> <span class='ocrx_word' id='word_1_83' title='bbox 1253 1004 1328 1052; x_wconf 93' lang='lat' dir='ltr'>die</span> <span class='ocrx_word' id='word_1_84' title='bbox 1362 1005 1531 1052; x_wconf 85' lang='lat' dir='ltr'>mensis</span> <span class='ocrx_word' id='word_1_85' title='bbox 1554 1004 1839 1069; x_wconf 88' lang='lat' dir='ltr'>Septembris</span> 
     </span>
     <span class='ocr_line' id='line_1_13' title="bbox 229 1072 1838 1138; baseline -0.002 -16"><span class='ocrx_word' id='word_1_86' title='bbox 229 1091 353 1122; x_wconf 92' lang='lat' dir='ltr'>anno</span> <span class='ocrx_word' id='word_1_87' title='bbox 399 1075 529 1138; x_wconf 85' lang='lat' dir='ltr'>regni</span> <span class='ocrx_word' id='word_1_88' title='bbox 576 1074 768 1121; x_wconf 92' lang='lat' dir='ltr'>domine</span> <span class='ocrx_word' id='word_1_89' title='bbox 815 1084 972 1120; x_wconf 87' lang='lat' dir='ltr'>nostre</span> <span class='ocrx_word' id='word_1_90' title='bbox 1031 1072 1288 1130; x_wconf 90' lang='lat' dir='ltr'>Elizabete,</span> <span class='ocrx_word' id='word_1_91' title='bbox 1327 1073 1400 1119; x_wconf 92' lang='lat' dir='ltr'>dei</span> <span class='ocrx_word' id='word_1_92' title='bbox 1452 1072 1603 1137; x_wconf 89' lang='lat' dir='ltr'>gracia</span> <span class='ocrx_word' id='word_1_93' title='bbox 1648 1073 1838 1137; x_wconf 90' lang='lat' dir='ltr'>Anglie,</span> 
     </span>
     <span class='ocr_line' id='line_1_14' title="bbox 231 1138 1837 1205; baseline -0.001 -17"><span class='ocrx_word' id='word_1_94' title='bbox 231 1142 433 1199; x_wconf 89' lang='lat' dir='ltr'>ffrancie,</span> <span class='ocrx_word' id='word_1_95' title='bbox 480 1153 526 1188; x_wconf 91' lang='lat' dir='ltr'>et</span> <span class='ocrx_word' id='word_1_96' title='bbox 574 1141 808 1189; x_wconf 90' lang='lat' dir='ltr'>Hibernie</span> <span class='ocrx_word' id='word_1_97' title='bbox 850 1141 1044 1205; x_wconf 86' lang='lat' dir='ltr'>Regine‚</span> <span class='ocrx_word' id='word_1_98' title='bbox 1088 1139 1193 1187; x_wconf 88' lang='lat' dir='ltr'>fidei</span> <span class='ocrx_word' id='word_1_99' title='bbox 1235 1138 1512 1200; x_wconf 90' lang='lat' dir='ltr'>defensoris,</span> <span class='ocrx_word' id='word_1_100' title='bbox 1548 1151 1654 1196; x_wconf 90' lang='lat' dir='ltr'>etc.,</span> <span class='ocrx_word' id='word_1_101' title='bbox 1689 1151 1837 1187; x_wconf 86' lang='lat' dir='ltr'>sexto.</span> 
     </span>
     <span class='ocr_line' id='line_1_15' title="bbox 231 1209 545 1272; baseline -0.003 -16"><span class='ocrx_word' id='word_1_102' title='bbox 231 1211 376 1256; x_wconf 87' lang='lat' dir='ltr'>Anno</span> <span class='ocrx_word' id='word_1_103' title='bbox 407 1209 545 1272; x_wconf 83' lang='lat'>1564.</span> 
     </span>
    </p>

    <p class='ocr_par' dir='ltr' id='par_1_5' title="bbox 231 1273 1838 1407">
     <span class='ocr_line' id='line_1_16' title="bbox 332 1273 1838 1337; baseline -0.003 -14"><span class='ocrx_word' id='word_1_104' title='bbox 332 1277 386 1322; x_wconf 91' lang='lat' dir='ltr'>In</span> <span class='ocrx_word' id='word_1_105' title='bbox 423 1276 572 1323; x_wconf 89' lang='lat' dir='ltr'>dorso:</span> <span class='ocrx_word' id='word_1_106' title='bbox 628 1275 735 1321; x_wconf 91' lang='lat' dir='ltr'>The</span> <span class='ocrx_word' id='word_1_107' title='bbox 773 1275 884 1321; x_wconf 86' lang='lat' dir='ltr'>lesse</span> <span class='ocrx_word' id='word_1_108' title='bbox 922 1273 979 1321; x_wconf 90' lang='lat' dir='ltr'>of</span> <span class='ocrx_word' id='word_1_109' title='bbox 1011 1273 1293 1322; x_wconf 86' lang='lat' dir='ltr'>Christoffer</span> <span class='ocrx_word' id='word_1_110' title='bbox 1333 1273 1518 1337; x_wconf 90' lang='lat' dir='ltr'>Elyott,</span> <span class='ocrx_word' id='word_1_111' title='bbox 1561 1273 1706 1320; x_wconf 91' lang='lat' dir='ltr'>modo</span> <span class='ocrx_word' id='word_1_112' title='bbox 1755 1273 1838 1320; x_wconf 90' lang='lat' dir='ltr'>Mr</span> 
     </span>
     <span class='ocr_line' id='line_1_17' title="bbox 231 1342 884 1407; baseline -0.003 -17"><span class='ocrx_word' id='word_1_113' title='bbox 231 1343 402 1390; x_wconf 88' lang='lat' dir='ltr'>Tooke</span> <span class='ocrx_word' id='word_1_114' title='bbox 426 1342 652 1407; x_wconf 87' lang='lat' dir='ltr'>perquisit</span> <span class='ocrx_word' id='word_1_115' title='bbox 678 1343 736 1390; x_wconf 91' lang='lat' dir='ltr'>de</span> <span class='ocrx_word' id='word_1_116' title='bbox 775 1380 783 1389; x_wconf 94' lang='lat'><em>.</em></span> <span class='ocrx_word' id='word_1_117' title='bbox 824 1380 833 1389; x_wconf 94' lang='lat'>.</span> <span class='ocrx_word' id='word_1_118' title='bbox 875 1379 884 1388; x_wconf 92' lang='lat'><strong>.</strong></span> 
     </span>
    </p>
   </div>
   <div class='ocr_carea' id='block_1_3' title="bbox 237 2071 348 2135">
    <p class='ocr_par' dir='ltr' id='par_1_6' title="bbox 237 2071 348 2135">
     <span class='ocr_line' id='line_1_18' title="bbox 237 2071 348 2135; baseline -0.027 0"><span class='ocrx_word' id='word_1_119' title='bbox 237 2071 348 2135; x_wconf 87' lang='lat'><strong>[63]</strong></span> 
     </span>
    </p>
   </div>
   <div class='ocr_carea' id='block_1_4' title="bbox 2038 47 2055 74">
    <p class='ocr_par' dir='ltr' id='par_1_7' title="bbox 2038 47 2055 74">
     <span class='ocr_line' id='line_1_19' title="bbox 2038 47 2055 74; textangle 90"><span class='ocrx_word' id='word_1_120' title='bbox 2038 47 2055 74; x_wconf 64' lang='lat' dir='ltr'><em>J</em></span> 
     </span>
    </p>
   </div>
  </div>
 </body>
</html>
