2192 3342
396 254 458 299 70
874 235 1105 283 DOVER
1143 233 1509 282 CHARTERS

492 371 728 431 Johannes
766 368 932 417 Girold
972 370 1027 415 de
1066 370 1283 414 Dovorra
1305 366 1580 413 attachiatus
1603 365 1661 412 ad
1686 364 1999 429 respondend'

393 437 588 484 domino
647 436 843 484 Custodi
903 436 960 482 de
1024 445 1301 497 contemptu
1359 433 1418 479 de
1477 450 1532 479 eo
1583 432 1711 496 quod
1783 431 2001 479 arestavit

807 503 1057 567 quamdam
1083 518 1246 547 navem
1276 500 1458 547 Ricardi
1479 500 1678 546 Archier
1701 499 1758 546 de
1785 500 2003 545 Dovorra

400 572 560 619 Girold
811 570 859 616 in
898 568 1007 614 villa
1029 569 1087 615 de
1113 568 1278 632 Caleys
1316 577 1525 614 vocatam
1550 566 1619 613 Le
1644 566 1893 614 Lancastre
1918 582 2003 630 pro

390 651 636 700 preceptum
662 650 736 684 est.
808 647 936 682 certo
1011 646 1253 682 contracto
1312 634 1360 681 in
1421 634 1569 681 Portu
1618 634 1834 680 Dovorra
1878 631 2003 679 facto

809 714 970 750 contra
1004 703 1266 749 libertatern
1304 701 1513 766 quinque
1556 712 1777 764 portuum
1820 699 1913 765 [et]
1953 699 2001 746 in

397 782 672 835 contemptu
698 770 922 818 Custodis
946 769 1184 816 dictorum
1211 779 1433 833 portuum
1455 768 1578 814 unde
1596 768 1750 815 dictus
1767 767 2004 828 Johannes

398 851 581 886 tenetur
618 839 745 885 dicto
771 837 969 884 Custodi
1009 837 1056 883 in
1096 854 1124 884 x
1162 837 1208 883 li.
1249 847 1296 883 et
1332 837 1421 884 hoc
1459 846 1680 882 testatum
1718 847 1786 882 est
1822 834 1896 881 hic
1921 850 2004 898 per

398 906 682 953 Nicholaum
720 904 984 969 Eppeloun,
1025 904 1262 969 Majorem
1300 903 1357 951 de
1403 903 1660 960 Sandwico,
1697 901 2003 948 Vincencium

399 974 580 1029 ffinche,
607 972 839 1019 Ballivum
864 972 922 1018 de
946 971 1245 1036 Wynchelse,
1282 981 1328 1017 et
1366 987 1447 1034 per
1485 968 1788 1035 quamplures
1811 968 1942 1034 quod
1966 967 2002 1014 si

398 1058 479 1104 per
503 1040 683 1087 dictum
707 1039 971 1100 Johannem
995 1038 1148 1086 taliter
1173 1049 1492 1102 perpetratum
1518 1036 1662 1084 fuerit
1685 1036 1815 1101 quod
1852 1036 1899 1082 in
1925 1034 2003 1082 tali

398 1125 503 1154 casu
545 1107 731 1154 custodi
773 1105 984 1171 quinque
1026 1117 1254 1170 portuum
1296 1123 1325 1151 x
1366 1105 1411 1154 li.
1458 1104 1637 1151 solvere
1662 1115 1862 1150 tenetur.
1936 1103 2004 1150 Et

398 1191 537 1239 super
576 1175 663 1221 hoc
701 1173 915 1239 quesitus
956 1184 1026 1220 est
1068 1173 1224 1238 siquid
1249 1190 1336 1237 pro
1361 1189 1406 1218 se
1431 1171 1594 1218 habeat
1619 1172 1690 1218 vel
1717 1171 1869 1218 dicere
1894 1169 2005 1217 sciat

399 1258 542 1307 quare
566 1242 718 1288 dictos
742 1258 771 1287 x
794 1241 840 1289 li.
869 1240 1056 1288 custodi
1082 1241 1262 1287 solvere
1287 1257 1379 1286 non
1405 1239 1584 1286 debeat.
1656 1238 1753 1300 Qui
1793 1237 1923 1284 venit
1960 1247 2007 1283 et

400 1309 512 1356 dicit
532 1308 663 1374 quod
680 1308 858 1356 nullam
879 1325 1044 1354 navem
1064 1307 1281 1354 arestavit
1299 1307 1424 1370 apud
1445 1306 1609 1370 Caleys
1628 1317 1770 1369 prout
1792 1304 2008 1368 superius

402 1376 700 1441 supponitur.
771 1375 837 1422 Et
875 1376 962 1422 hoc
1001 1386 1188 1439 paratus
1225 1385 1294 1421 est
1333 1374 1564 1420 verificare
1600 1372 2007 1437 qualitercumque

401 1443 544 1490 Curia
568 1443 942 1499 consideraverit,
965 1454 1052 1490 etc,
1126 1442 1237 1489 Ideo
1255 1442 1394 1489 datus
1412 1452 1481 1487 est
1500 1441 1540 1487 ei
1559 1440 1658 1487 dies
1677 1440 1734 1486 ad
1752 1439 2008 1486 Ecclesiam

399 1511 550 1558 Sancti
590 1510 750 1571 Jacobi
791 1511 849 1557 de
891 1511 1112 1557 Dovorra
1152 1509 1226 1556 die
1266 1508 1400 1570 Jovis
1438 1507 1655 1572 proximo
1691 1517 1797 1554 ante
1834 1505 2008 1553 festum

401 1577 552 1625 Sancti
578 1576 771 1642 Georgii
797 1577 1000 1624 martiris
1024 1575 1294 1641 proximum
1327 1574 1563 1622 futurum.
1635 1573 1700 1621 Et
1738 1585 2008 1638 preceptum

401 1655 470 1691 est
507 1644 684 1709 Majori
720 1655 766 1692 et
802 1644 982 1691 Ballivo
1022 1645 1241 1690 Dovorre
1276 1643 1407 1708 quod
1444 1641 1602 1689 venire
1641 1640 1810 1688 faciant
1848 1651 2011 1688 contra

401 1711 537 1759 illurn
562 1712 689 1760 diem
715 1711 793 1777 xij,
820 1722 926 1770 ete„
951 1711 1034 1776 qui
1060 1727 1157 1769 nee,
1183 1721 1273 1758 etc.

502 1829 738 1889 Johannes
764 1829 976 1886 Archier,
1004 1845 1225 1892 querens,
1251 1827 1450 1891 opponit
1474 1845 1520 1874 se
1540 1845 1702 1875 versus
1722 1827 2007 1874 Nicholaum

404 1907 498 1944 atte
542 1896 701 1953 Halle‚
743 1913 891 1957 nuper
931 1896 1168 1960 Majorem
1211 1906 1378 1958 portus
1416 1896 1645 1952 Dovorre,
1691 1907 1736 1942 et
1762 1894 2012 1958 complices

404 1963 612 2028 ejusdem
652 1962 868 2008 Nicholai
908 1973 1021 2009 tunc
1051 1962 1236 2026 juratos
1275 1963 1397 2008 dicte
1435 1962 1555 2019 ville,
1602 1973 1744 2025 prout
1780 1973 1907 2026 patet
1931 1978 2012 2025 per

405 2030 657 2095 quamdam
684 2029 840 2075 billam
865 2029 1013 2092 ipsius
1035 2029 1261 2090 Johannis
1298 2029 1355 2075 de
1393 2028 1511 2076 falso
1541 2029 1724 2095 judicio
1765 2046 1846 2093 per
1888 2029 2013 2092 ipsos

405 2097 453 2144 in
479 2109 622 2161 portu
646 2096 858 2160 predicto
881 2107 1044 2143 contra
1066 2096 1247 2144 dictum
1269 2096 1532 2157 Johannem
1560 2114 1709 2160 nuper
1733 2095 1931 2155 reddito,
1966 2096 2012 2142 in

842 2180 982 2228 grave
1017 2174 1341 2227 contemptum
1366 2163 1544 2211 domini
1584 2164 1740 2228 Regis,
1778 2175 1823 2212 et
1848 2164 2014 2226 damp-

410 2231 668 2292 Preceptum
697 2242 772 2278 est.
845 2248 959 2277 num
998 2231 1144 2294 ipsius
1179 2231 1405 2291 Johannis
1440 2242 1628 2279 centum
1664 2231 1905 2287 librarum,
1924 2241 2010 2279 etc.

844 2297 909 2344 Et
950 2298 1186 2361 predictus
1228 2298 1488 2344 Nicholaus
1529 2310 1574 2345 et
1616 2298 1690 2344 alii
1730 2298 1927 2345 veniunt
1968 2309 2014 2344 et

408 2363 684 2423 defendunt,
723 2376 825 2424 etc.,
876 2376 921 2411 et
967 2365 1131 2411 dicunt
1170 2366 1299 2428 quod
1339 2365 1523 2411 nullum
1562 2364 1732 2412 falsum
1774 2364 2013 2430 judicium

408 2443 550 2495 prout
569 2433 726 2480 dictus
742 2432 980 2492 Johannes
999 2433 1158 2478 asserit
1185 2449 1265 2494 per
1291 2433 1444 2494 ipsos*
1463 2432 1604 2479 exstit
1625 2432 1879 2478 redditum.
1950 2431 2013 2478 Et

410 2501 496 2546 hoc
522 2510 687 2562 petunt
713 2499 841 2564 quod
868 2499 1132 2545 verificetur
1158 2499 1562 2563 qualitercumque
1599 2499 1740 2546 Curia
1776 2498 2015 2545 consider-

408 2567 553 2613 averit
577 2585 585 2613 :
636 2567 749 2613 Ideo
775 2578 1044 2630 preceptum
1071 2578 1139 2612 est
1169 2565 1340 2630 Majori
1362 2578 1407 2613 ct
1434 2566 1612 2613 Ballivo
1642 2568 1859 2613 Dovorre
1883 2566 2014 2630 quod

411 2634 605 2681 habeant
631 2634 877 2681 recordum
902 2644 947 2680 et
973 2650 1237 2697 processum
1263 2633 1374 2680 dicti
1393 2633 1561 2698 judicii
1589 2651 1696 2680 cum
1721 2633 1940 2680 omnibus
1964 2650 2016 2679 ea

743 2701 1043 2766 tangentibus
1074 2700 1160 2746 sub
1187 2701 1348 2764 sigillis
1367 2718 1546 2756 eorum,
1566 2712 1610 2746 et
1632 2701 1794 2765 sigillis
1813 2711 2015 2765 quatuor

410 2768 668 2815 Recordum.
743 2767 961 2832 legalium
988 2767 1234 2814 hominum
1260 2767 1340 2831 qui
1368 2768 1562 2814 recordo
1587 2768 1652 2814 illi
1681 2767 2016 2824 interfuerunt,

743 2836 796 2882 ad
816 2835 1076 2898 proximam
1092 2835 1380 2899 Sliipwcyam
1399 2847 1448 2882 ut
1464 2835 1618 2882 habita
1634 2833 2016 2898 indeinspexione
