<?xml version="1.0" encoding="UTF-8"?>
<!DOCTYPE html PUBLIC "-//W3C//DTD XHTML 1.0 Transitional//EN"
    "http://www.w3.org/TR/xhtml1/DTD/xhtml1-transitional.dtd">
<html xmlns="http://www.w3.org/1999/xhtml" xml:lang="en" lang="en">
 <head>
  <title>
</title>
<meta http-equiv="Content-Type" content="text/html;charset=utf-8" />
  <meta name='ocr-system' content='tesseract 3.04.00' />
  <meta name='ocr-capabilities' content='ocr_page ocr_carea ocr_par ocr_line ocrx_word'/>
</head>
<body>
  <div class='ocr_page' id='page_1' title='image "./doverchartersoth00doverich/doverchartersoth00doverich_0332.png"; bbox 0 0 2181 3155; ppageno 0'>
   <div class='ocr_carea' id='block_1_1' title="bbox 366 206 1490 291">
    <p class='ocr_par' dir='ltr' id='par_1_1' title="bbox 366 206 1490 291">
     <span class='ocr_line' id='line_1_1' title="bbox 366 206 1490 291; baseline -0.001 -15"><span class='ocrx_word' id='word_1_1' title='bbox 366 244 462 291; x_wconf 89' lang='lat'>300</span> <span class='ocrx_word' id='word_1_2' title='bbox 814 206 1083 276; x_wconf 81' lang='lat' dir='ltr'>&#39;DovER</span> <span class='ocrx_word' id='word_1_3' title='bbox 1121 227 1490 276; x_wconf 83' lang='lat' dir='ltr'>CHARTERS</span> 
     </span>
    </p>
   </div>
   <div class='ocr_carea' id='block_1_2' title="bbox 363 362 1976 2849">
    <p class='ocr_par' dir='ltr' id='par_1_2' title="bbox 363 362 1976 1975">
     <span class='ocr_line' id='line_1_2' title="bbox 363 362 1970 428; baseline 0.001 -18"><span class='ocrx_word' id='word_1_4' title='bbox 363 374 496 410; x_wconf 87' lang='lat' dir='ltr'>extra</span> <span class='ocrx_word' id='word_1_5' title='bbox 542 380 731 410; x_wconf 90' lang='lat' dir='ltr'>manum</span> <span class='ocrx_word' id='word_1_6' title='bbox 771 364 962 428; x_wconf 89' lang='lat' dir='ltr'>regiam,</span> <span class='ocrx_word' id='word_1_7' title='bbox 1008 374 1113 410; x_wconf 91' lang='lat' dir='ltr'>ante</span> <span class='ocrx_word' id='word_1_8' title='bbox 1171 363 1437 427; x_wconf 87' lang='lat' dir='ltr'>predictum</span> <span class='ocrx_word' id='word_1_9' title='bbox 1485 363 1627 423; x_wconf 90' lang='lat' dir='ltr'>diem,</span> <span class='ocrx_word' id='word_1_10' title='bbox 1675 362 1817 411; x_wconf 89' lang='lat' dir='ltr'>factas</span> <span class='ocrx_word' id='word_1_11' title='bbox 1873 364 1970 411; x_wconf 89' lang='lat' dir='ltr'>sive</span> 
     </span>
     <span class='ocr_line' id='line_1_3' title="bbox 365 430 1973 494; baseline 0.001 -17"><span class='ocrx_word' id='word_1_12' title='bbox 365 442 680 494; x_wconf 84' lang='lat' dir='ltr'>perpetratas:</span> <span class='ocrx_word' id='word_1_13' title='bbox 719 447 769 477; x_wconf 92' lang='lat' dir='ltr'>ac</span> <span class='ocrx_word' id='word_1_14' title='bbox 805 432 961 477; x_wconf 88' lang='lat' dir='ltr'>omnia</span> <span class='ocrx_word' id='word_1_15' title='bbox 995 430 1150 477; x_wconf 85' lang='lat' dir='ltr'>exitus</span> <span class='ocrx_word' id='word_1_16' title='bbox 1183 442 1229 477; x_wconf 91' lang='lat' dir='ltr'>et</span> <span class='ocrx_word' id='word_1_17' title='bbox 1265 430 1469 494; x_wconf 88' lang='lat' dir='ltr'>proficua</span> <span class='ocrx_word' id='word_1_18' title='bbox 1504 431 1759 478; x_wconf 87' lang='lat' dir='ltr'>eorundem</span> <span class='ocrx_word' id='word_1_19' title='bbox 1790 447 1973 478; x_wconf 85' lang='lat' dir='ltr'>maner-</span> 
     </span>
     <span class='ocr_line' id='line_1_4' title="bbox 364 498 1973 560; baseline 0.001 -16"><span class='ocrx_word' id='word_1_20' title='bbox 364 499 518 545; x_wconf 88' lang='lat' dir='ltr'>iorum</span> <span class='ocrx_word' id='word_1_21' title='bbox 545 510 772 545; x_wconf 88' lang='lat' dir='ltr'>terrarum</span> <span class='ocrx_word' id='word_1_22' title='bbox 798 510 1178 545; x_wconf 89' lang='lat' dir='ltr'>tenementorum</span> <span class='ocrx_word' id='word_1_23' title='bbox 1205 498 1547 560; x_wconf 88' lang='lat' dir='ltr'>possessionum</span> <span class='ocrx_word' id='word_1_24' title='bbox 1567 509 1613 545; x_wconf 89' lang='lat' dir='ltr'>et</span> <span class='ocrx_word' id='word_1_25' title='bbox 1630 498 1973 546; x_wconf 89' lang='lat' dir='ltr'>hereditamen-</span> 
     </span>
     <span class='ocr_line' id='line_1_5' title="bbox 365 564 1971 631; baseline 0.001 -19"><span class='ocrx_word' id='word_1_26' title='bbox 365 578 537 621; x_wconf 91' lang='lat' dir='ltr'>torum,</span> <span class='ocrx_word' id='word_1_27' title='bbox 562 577 608 612; x_wconf 93' lang='lat' dir='ltr'>et</span> <span class='ocrx_word' id='word_1_28' title='bbox 633 565 878 631; x_wconf 90' lang='lat' dir='ltr'>cujuslibet</span> <span class='ocrx_word' id='word_1_29' title='bbox 915 566 1022 612; x_wconf 92' lang='lat' dir='ltr'>inde</span> <span class='ocrx_word' id='word_1_30' title='bbox 1047 564 1258 629; x_wconf 76' lang='lat' dir='ltr'>pax-celle,</span> <span class='ocrx_word' id='word_1_31' title='bbox 1283 577 1388 612; x_wconf 87' lang='lat' dir='ltr'>ante</span> <span class='ocrx_word' id='word_1_32' title='bbox 1412 565 1676 628; x_wconf 90' lang='lat' dir='ltr'>predictum</span> <span class='ocrx_word' id='word_1_33' title='bbox 1702 566 1971 613; x_wconf 88' lang='lat' dir='ltr'>vicesimum</span> 
     </span>
     <span class='ocr_line' id='line_1_6' title="bbox 365 632 1972 697; baseline 0.001 -18"><span class='ocrx_word' id='word_1_34' title='bbox 365 633 562 679; x_wconf 90' lang='lat' dir='ltr'>tercium</span> <span class='ocrx_word' id='word_1_35' title='bbox 611 634 734 680; x_wconf 89' lang='lat' dir='ltr'>diem</span> <span class='ocrx_word' id='word_1_36' title='bbox 783 633 976 697; x_wconf 82' lang='lat' dir='ltr'>Aprilis,</span> <span class='ocrx_word' id='word_1_37' title='bbox 1025 650 1106 696; x_wconf 88' lang='lat' dir='ltr'>per</span> <span class='ocrx_word' id='word_1_38' title='bbox 1153 633 1277 696; x_wconf 90' lang='lat' dir='ltr'>ipsos</span> <span class='ocrx_word' id='word_1_39' title='bbox 1327 632 1578 693; x_wconf 69' lang='lat' dir='ltr'>Maiorem,</span> <span class='ocrx_word' id='word_1_40' title='bbox 1629 633 1875 690; x_wconf 88' lang='lat' dir='ltr'>Ballivum‚</span> <span class='ocrx_word' id='word_1_41' title='bbox 1925 644 1972 680; x_wconf 90' lang='lat' dir='ltr'>et</span> 
     </span>
     <span class='ocr_line' id='line_1_7' title="bbox 367 699 1971 765; baseline 0.001 -19"><span class='ocrx_word' id='word_1_42' title='bbox 367 699 771 749; x_wconf 86' lang='lat' dir='ltr'>Communitatem</span> <span class='ocrx_word' id='word_1_43' title='bbox 814 712 892 746; x_wconf 90' lang='lat' dir='ltr'>aut</span> <span class='ocrx_word' id='word_1_44' title='bbox 931 717 1012 763; x_wconf 90' lang='lat' dir='ltr'>per</span> <span class='ocrx_word' id='word_1_45' title='bbox 1048 716 1393 765; x_wconf 87' lang='lat' dir='ltr'>quemcumque</span> <span class='ocrx_word' id='word_1_46' title='bbox 1440 700 1585 746; x_wconf 88' lang='lat' dir='ltr'>aliurn</span> <span class='ocrx_word' id='word_1_47' title='bbox 1623 712 1838 764; x_wconf 87' lang='lat' dir='ltr'>percepta</span> <span class='ocrx_word' id='word_1_48' title='bbox 1875 701 1971 748; x_wconf 91' lang='lat' dir='ltr'>sive</span> 
     </span>
     <span class='ocr_line' id='line_1_8' title="bbox 365 767 1971 830; baseline 0.001 -17"><span class='ocrx_word' id='word_1_49' title='bbox 365 780 547 830; x_wconf 91' lang='lat' dir='ltr'>recepta</span> <span class='ocrx_word' id='word_1_50' title='bbox 571 786 579 815; x_wconf 94' lang='lat'>:</span> <span class='ocrx_word' id='word_1_51' title='bbox 615 785 665 814; x_wconf 89' lang='lat' dir='ltr'>ac</span> <span class='ocrx_word' id='word_1_52' title='bbox 701 767 857 814; x_wconf 88' lang='lat' dir='ltr'>omnia</span> <span class='ocrx_word' id='word_1_53' title='bbox 880 769 1031 814; x_wconf 86' lang='lat' dir='ltr'>exitus</span> <span class='ocrx_word' id='word_1_54' title='bbox 1059 779 1105 814; x_wconf 91' lang='lat' dir='ltr'>et</span> <span class='ocrx_word' id='word_1_55' title='bbox 1130 767 1337 830; x_wconf 87' lang='lat' dir='ltr'>proficua</span> <span class='ocrx_word' id='word_1_56' title='bbox 1371 768 1630 814; x_wconf 89' lang='lat' dir='ltr'>eorundem</span> <span class='ocrx_word' id='word_1_57' title='bbox 1657 768 1971 815; x_wconf 86' lang='lat' dir='ltr'>maneriorum</span> 
     </span>
     <span class='ocr_line' id='line_1_9' title="bbox 363 835 1975 899; baseline 0.001 -19"><span class='ocrx_word' id='word_1_58' title='bbox 363 846 593 881; x_wconf 89' lang='lat' dir='ltr'>terrarum</span> <span class='ocrx_word' id='word_1_59' title='bbox 651 846 1028 881; x_wconf 89' lang='lat' dir='ltr'>tenementorum</span> <span class='ocrx_word' id='word_1_60' title='bbox 1097 846 1142 881; x_wconf 92' lang='lat' dir='ltr'>et</span> <span class='ocrx_word' id='word_1_61' title='bbox 1208 835 1684 881; x_wconf 87' lang='lat' dir='ltr'>hereditamentorum</span> <span class='ocrx_word' id='word_1_62' title='bbox 1743 851 1975 899; x_wconf 87' lang='lat' dir='ltr'>quorum-</span> 
     </span>
     <span class='ocr_line' id='line_1_10' title="bbox 365 902 1976 967; baseline 0.001 -19"><span class='ocrx_word' id='word_1_63' title='bbox 365 918 579 966; x_wconf 87' lang='lat' dir='ltr'><strong>cumque,</strong></span> <span class='ocrx_word' id='word_1_64' title='bbox 627 913 732 949; x_wconf 89' lang='lat' dir='ltr'>ante</span> <span class='ocrx_word' id='word_1_65' title='bbox 790 902 989 948; x_wconf 89' lang='lat' dir='ltr'>eundern</span> <span class='ocrx_word' id='word_1_66' title='bbox 1049 902 1190 960; x_wconf 89' lang='lat' dir='ltr'>diem,</span> <span class='ocrx_word' id='word_1_67' title='bbox 1239 902 1488 949; x_wconf 89' lang='lat' dir='ltr'>crescentia</span> <span class='ocrx_word' id='word_1_68' title='bbox 1541 903 1638 949; x_wconf 90' lang='lat' dir='ltr'>sive</span> <span class='ocrx_word' id='word_1_69' title='bbox 1692 904 1976 967; x_wconf 85' lang='lat' dir='ltr'>emergentia</span> 
     </span>
     <span class='ocr_line' id='line_1_11' title="bbox 367 968 1974 1034; baseline 0.001 -19"><span class='ocrx_word' id='word_1_70' title='bbox 367 969 557 1033; x_wconf 87' lang='lat' dir='ltr'>Majori,</span> <span class='ocrx_word' id='word_1_71' title='bbox 596 968 790 1026; x_wconf 88' lang='lat' dir='ltr'>Ballivo,</span> <span class='ocrx_word' id='word_1_72' title='bbox 817 980 862 1016; x_wconf 91' lang='lat' dir='ltr'>et</span> <span class='ocrx_word' id='word_1_73' title='bbox 899 968 1242 1016; x_wconf 89' lang='lat' dir='ltr'>Communitati</span> <span class='ocrx_word' id='word_1_74' title='bbox 1280 970 1445 1016; x_wconf 91' lang='lat' dir='ltr'>damus</span> <span class='ocrx_word' id='word_1_75' title='bbox 1479 981 1524 1016; x_wconf 94' lang='lat' dir='ltr'>et</span> <span class='ocrx_word' id='word_1_76' title='bbox 1561 970 1858 1017; x_wconf 89' lang='lat' dir='ltr'>concedimus</span> <span class='ocrx_word' id='word_1_77' title='bbox 1893 987 1974 1034; x_wconf 90' lang='lat' dir='ltr'>per</span> 
     </span>
     <span class='ocr_line' id='line_1_12' title="bbox 365 1036 1970 1102; baseline 0.001 -20"><span class='ocrx_word' id='word_1_78' title='bbox 365 1048 597 1100; x_wconf 82' lang='lat' dir='ltr'>presentes</span> <span class='ocrx_word' id='word_1_79' title='bbox 633 1036 829 1083; x_wconf 88' lang='lat' dir='ltr'>habend’</span> <span class='ocrx_word' id='word_1_80' title='bbox 855 1047 901 1083; x_wconf 91' lang='lat' dir='ltr'>et</span> <span class='ocrx_word' id='word_1_81' title='bbox 935 1036 1218 1099; x_wconf 87' lang='lat' dir='ltr'>percipiend&#39;</span> <span class='ocrx_word' id='word_1_82' title='bbox 1254 1048 1345 1083; x_wconf 92' lang='lat' dir='ltr'>tam</span> <span class='ocrx_word' id='word_1_83' title='bbox 1376 1053 1456 1099; x_wconf 89' lang='lat' dir='ltr'>per</span> <span class='ocrx_word' id='word_1_84' title='bbox 1486 1053 1651 1083; x_wconf 88' lang='lat' dir='ltr'>manus</span> <span class='ocrx_word' id='word_1_85' title='bbox 1686 1054 1802 1093; x_wconf 84' lang='lat' dir='ltr'>suas,</span> <span class='ocrx_word' id='word_1_86' title='bbox 1829 1054 1970 1102; x_wconf 89' lang='lat' dir='ltr'>quam</span> 
     </span>
     <span class='ocr_line' id='line_1_13' title="bbox 364 1103 1970 1169; baseline 0.002 -20"><span class='ocrx_word' id='word_1_87' title='bbox 364 1120 444 1167; x_wconf 90' lang='lat' dir='ltr'>per</span> <span class='ocrx_word' id='word_1_88' title='bbox 480 1120 645 1149; x_wconf 89' lang='lat' dir='ltr'>manus</span> <span class='ocrx_word' id='word_1_89' title='bbox 679 1115 966 1150; x_wconf 89' lang='lat' dir='ltr'>escaetorum</span> <span class='ocrx_word' id='word_1_90' title='bbox 1003 1103 1281 1151; x_wconf 88' lang='lat' dir='ltr'>ballivorum</span> <span class='ocrx_word' id='word_1_91' title='bbox 1331 1103 1647 1151; x_wconf 86' lang='lat' dir='ltr'>firmariorum</span> <span class='ocrx_word' id='word_1_92' title='bbox 1682 1116 1728 1151; x_wconf 91' lang='lat' dir='ltr'>et</span> <span class='ocrx_word' id='word_1_93' title='bbox 1775 1121 1970 1169; x_wconf 89' lang='lat' dir='ltr'>occupa-</span> 
     </span>
     <span class='ocr_line' id='line_1_14' title="bbox 363 1171 1972 1237; baseline 0.001 -20"><span class='ocrx_word' id='word_1_94' title='bbox 363 1183 524 1217; x_wconf 91' lang='lat' dir='ltr'>torum</span> <span class='ocrx_word' id='word_1_95' title='bbox 569 1171 841 1228; x_wconf 90' lang='lat' dir='ltr'>eorundem,</span> <span class='ocrx_word' id='word_1_96' title='bbox 893 1171 990 1217; x_wconf 88' lang='lat' dir='ltr'>sive</span> <span class='ocrx_word' id='word_1_97' title='bbox 1048 1171 1243 1236; x_wconf 88' lang='lat' dir='ltr'>alicujus</span> <span class='ocrx_word' id='word_1_98' title='bbox 1299 1172 1575 1227; x_wconf 89' lang='lat' dir='ltr'>eorundem,</span> <span class='ocrx_word' id='word_1_99' title='bbox 1623 1171 1721 1218; x_wconf 86' lang='lat' dir='ltr'>sive</span> <span class='ocrx_word' id='word_1_100' title='bbox 1779 1172 1972 1237; x_wconf 88' lang='lat' dir='ltr'>alicujus</span> 
     </span>
     <span class='ocr_line' id='line_1_15' title="bbox 365 1237 1973 1303; baseline 0.001 -19"><span class='ocrx_word' id='word_1_101' title='bbox 365 1237 575 1301; x_wconf 89' lang='lat' dir='ltr'>parcelle,</span> <span class='ocrx_word' id='word_1_102' title='bbox 611 1238 785 1303; x_wconf 86' lang='lat' dir='ltr'>absque</span> <span class='ocrx_word' id='word_1_103' title='bbox 833 1249 1056 1302; x_wconf 90' lang='lat' dir='ltr'>compoto</span> <span class='ocrx_word' id='word_1_104' title='bbox 1101 1255 1181 1284; x_wconf 91' lang='lat' dir='ltr'>seu</span> <span class='ocrx_word' id='word_1_105' title='bbox 1230 1239 1387 1302; x_wconf 89' lang='lat' dir='ltr'>aliquo</span> <span class='ocrx_word' id='word_1_106' title='bbox 1434 1239 1525 1285; x_wconf 90' lang='lat' dir='ltr'>alio</span> <span class='ocrx_word' id='word_1_107' title='bbox 1563 1239 1671 1285; x_wconf 87' lang='lat' dir='ltr'>inde</span> <span class='ocrx_word' id='word_1_108' title='bbox 1720 1239 1853 1285; x_wconf 86' lang='lat' dir='ltr'>nobis</span> <span class='ocrx_word' id='word_1_109' title='bbox 1900 1239 1973 1286; x_wconf 91' lang='lat' dir='ltr'>vel</span> 
     </span>
     <span class='ocr_line' id='line_1_16' title="bbox 367 1304 1970 1353; baseline 0.001 -1"><span class='ocrx_word' id='word_1_110' title='bbox 367 1304 610 1352; x_wconf 85' lang='lat' dir='ltr'>heredibus</span> <span class='ocrx_word' id='word_1_111' title='bbox 670 1306 839 1352; x_wconf 89' lang='lat' dir='ltr'>nostris</span> <span class='ocrx_word' id='word_1_112' title='bbox 896 1306 1122 1353; x_wconf 89' lang='lat' dir='ltr'>reddend‘</span> <span class='ocrx_word' id='word_1_113' title='bbox 1181 1305 1388 1352; x_wconf 88' lang='lat' dir='ltr'>solvend&#39;</span> <span class='ocrx_word' id='word_1_114' title='bbox 1442 1306 1513 1351; x_wconf 91' lang='lat' dir='ltr'>vel</span> <span class='ocrx_word' id='word_1_115' title='bbox 1575 1304 1787 1353; x_wconf 91' lang='lat' dir='ltr'>faciend’.</span> <span class='ocrx_word' id='word_1_116' title='bbox 1893 1309 1970 1353; x_wconf 91' lang='lat' dir='ltr'>Ac</span> 
     </span>
     <span class='ocr_line' id='line_1_17' title="bbox 367 1372 1973 1435; baseline 0.002 -17"><span class='ocrx_word' id='word_1_117' title='bbox 367 1373 585 1419; x_wconf 77' lang='lat' dir='ltr'>INSUPER</span> <span class='ocrx_word' id='word_1_118' title='bbox 641 1374 969 1435; x_wconf 88' lang='lat' dir='ltr'>perdonamus,</span> <span class='ocrx_word' id='word_1_119' title='bbox 1030 1372 1316 1419; x_wconf 82' lang='lat' dir='ltr'>remittimus</span> <span class='ocrx_word' id='word_1_120' title='bbox 1373 1384 1418 1419; x_wconf 95' lang='lat' dir='ltr'>et</span> <span class='ocrx_word' id='word_1_121' title='bbox 1487 1372 1744 1420; x_wconf 87' lang='lat' dir='ltr'>relaxamus</span> <span class='ocrx_word' id='word_1_122' title='bbox 1799 1373 1973 1421; x_wconf 90' lang='lat' dir='ltr'>eisdem</span> 
     </span>
     <span class='ocr_line' id='line_1_18' title="bbox 369 1439 1974 1504; baseline 0.001 -18"><span class='ocrx_word' id='word_1_123' title='bbox 369 1439 565 1504; x_wconf 86' lang='lat' dir='ltr'>Majori,</span> <span class='ocrx_word' id='word_1_124' title='bbox 614 1440 811 1496; x_wconf 89' lang='lat' dir='ltr'>Ballivo,</span> <span class='ocrx_word' id='word_1_125' title='bbox 859 1451 905 1486; x_wconf 92' lang='lat' dir='ltr'>et</span> <span class='ocrx_word' id='word_1_126' title='bbox 955 1440 1296 1487; x_wconf 87' lang='lat' dir='ltr'>Communitati</span> <span class='ocrx_word' id='word_1_127' title='bbox 1356 1456 1518 1486; x_wconf 86' lang='lat' dir='ltr'>omnes</span> <span class='ocrx_word' id='word_1_128' title='bbox 1575 1452 1622 1487; x_wconf 90' lang='lat' dir='ltr'>et</span> <span class='ocrx_word' id='word_1_129' title='bbox 1679 1441 1974 1488; x_wconf 87' lang='lat' dir='ltr'>omnimodas</span> 
     </span>
     <span class='ocr_line' id='line_1_19' title="bbox 364 1507 1972 1583; baseline 0.001 -30"><span class='ocrx_word' id='word_1_130' title='bbox 364 1507 661 1563; x_wconf 87' lang='lat' dir='ltr'>intrusiones,</span> <span class='ocrx_word' id='word_1_131' title='bbox 687 1508 1076 1570; x_wconf 86' lang='lat' dir='ltr'>transgressiones</span> <span class='ocrx_word' id='word_1_132' title='bbox 1099 1519 1145 1554; x_wconf 90' lang='lat' dir='ltr'>et</span> <span class='ocrx_word' id='word_1_133' title='bbox 1182 1508 1431 1572; x_wconf 88' lang='lat' dir='ltr'>ingressus,</span> <span class='ocrx_word' id='word_1_134' title='bbox 1457 1524 1537 1570; x_wconf 92' lang='lat' dir='ltr'>per</span> <span class='ocrx_word' id='word_1_135' title='bbox 1563 1508 1686 1571; x_wconf 89' lang='lat' dir='ltr'>ipsos</span> <span class='ocrx_word' id='word_1_136' title='bbox 1718 1508 1972 1583; x_wconf 79' lang='lat' dir='ltr'>Majorem,</span> 
     </span>
     <span class='ocr_line' id='line_1_20' title="bbox 367 1574 1975 1639; baseline 0.002 -19"><span class='ocrx_word' id='word_1_137' title='bbox 367 1574 612 1630; x_wconf 88' lang='lat' dir='ltr'>Ballivum‚</span> <span class='ocrx_word' id='word_1_138' title='bbox 638 1585 683 1621; x_wconf 89' lang='lat' dir='ltr'>et</span> <span class='ocrx_word' id='word_1_139' title='bbox 726 1575 1172 1622; x_wconf 89' lang='lat' dir='ltr'>Communitatem</span> <span class='ocrx_word' id='word_1_140' title='bbox 1164 1593 1210 1621; x_wconf 85' lang='lat' dir='ltr'>m</span> <span class='ocrx_word' id='word_1_141' title='bbox 1249 1591 1547 1639; x_wconf 88' lang='lat' dir='ltr'>quecumque</span> <span class='ocrx_word' id='word_1_142' title='bbox 1586 1592 1789 1622; x_wconf 76' lang='lat' dir='ltr'>maneria</span> <span class='ocrx_word' id='word_1_143' title='bbox 1831 1588 1975 1624; x_wconf 89' lang='lat' dir='ltr'>terras</span> 
     </span>
     <span class='ocr_line' id='line_1_21' title="bbox 365 1641 1974 1718; baseline 0.001 -30"><span class='ocrx_word' id='word_1_144' title='bbox 365 1653 629 1688; x_wconf 90' lang='lat' dir='ltr'>tenementa</span> <span class='ocrx_word' id='word_1_145' title='bbox 653 1641 964 1705; x_wconf 90' lang='lat' dir='ltr'>possessiones</span> <span class='ocrx_word' id='word_1_146' title='bbox 989 1659 1068 1689; x_wconf 88' lang='lat' dir='ltr'>seu</span> <span class='ocrx_word' id='word_1_147' title='bbox 1095 1642 1463 1689; x_wconf 88' lang='lat' dir='ltr'>hereditamenta</span> <span class='ocrx_word' id='word_1_148' title='bbox 1489 1654 1661 1698; x_wconf 88' lang='lat' dir='ltr'>nostra,</span> <span class='ocrx_word' id='word_1_149' title='bbox 1679 1655 1756 1689; x_wconf 89' lang='lat' dir='ltr'>aut</span> <span class='ocrx_word' id='word_1_150' title='bbox 1782 1643 1974 1718; x_wconf 82' lang='lat' dir='ltr'>alicujus</span> 
     </span>
     <span class='ocr_line' id='line_1_22' title="bbox 366 1709 1973 1774; baseline 0.001 -19"><span class='ocrx_word' id='word_1_151' title='bbox 366 1709 723 1773; x_wconf 88' lang='lat' dir='ltr'>progenitorum</span> <span class='ocrx_word' id='word_1_152' title='bbox 750 1721 1039 1767; x_wconf 88' lang='lat' dir='ltr'>nostrorum,</span> <span class='ocrx_word' id='word_1_153' title='bbox 1067 1726 1245 1756; x_wconf 90' lang='lat' dir='ltr'>necnon</span> <span class='ocrx_word' id='word_1_154' title='bbox 1271 1726 1681 1774; x_wconf 88' lang='lat' dir='ltr'>quorumcumque</span> <span class='ocrx_word' id='word_1_155' title='bbox 1706 1711 1973 1757; x_wconf 89' lang='lat' dir='ltr'>tenencium</span> 
     </span>
     <span class='ocr_line' id='line_1_23' title="bbox 366 1776 1973 1842; baseline 0.001 -20"><span class='ocrx_word' id='word_1_156' title='bbox 366 1787 653 1834; x_wconf 89' lang='lat' dir='ltr'>nostrorum,</span> <span class='ocrx_word' id='word_1_157' title='bbox 696 1788 775 1824; x_wconf 91' lang='lat' dir='ltr'>aut</span> <span class='ocrx_word' id='word_1_158' title='bbox 818 1777 1080 1824; x_wconf 90' lang='lat' dir='ltr'>tenencium</span> <span class='ocrx_word' id='word_1_159' title='bbox 1128 1776 1323 1842; x_wconf 88' lang='lat' dir='ltr'>alicujus</span> <span class='ocrx_word' id='word_1_160' title='bbox 1364 1777 1680 1841; x_wconf 86' lang='lat' dir='ltr'>progenitoris</span> <span class='ocrx_word' id='word_1_161' title='bbox 1725 1778 1821 1824; x_wconf 89' lang='lat' dir='ltr'>sive</span> <span class='ocrx_word' id='word_1_162' title='bbox 1869 1794 1973 1842; x_wconf 87' lang='lat' dir='ltr'>pre-</span> 
     </span>
     <span class='ocr_line' id='line_1_24' title="bbox 365 1844 1975 1910; baseline 0.001 -20"><span class='ocrx_word' id='word_1_163' title='bbox 365 1844 661 1891; x_wconf 89' lang='lat' dir='ltr'>decessorum</span> <span class='ocrx_word' id='word_1_164' title='bbox 709 1855 992 1903; x_wconf 90' lang='lat' dir='ltr'>nostrorum,</span> <span class='ocrx_word' id='word_1_165' title='bbox 1043 1844 1090 1890; x_wconf 91' lang='lat' dir='ltr'>in</span> <span class='ocrx_word' id='word_1_166' title='bbox 1144 1844 1354 1891; x_wconf 89' lang='lat' dir='ltr'>custodia</span> <span class='ocrx_word' id='word_1_167' title='bbox 1413 1856 1580 1900; x_wconf 90' lang='lat' dir='ltr'>nostra,</span> <span class='ocrx_word' id='word_1_168' title='bbox 1643 1861 1722 1890; x_wconf 89' lang='lat' dir='ltr'>seu</span> <span class='ocrx_word' id='word_1_169' title='bbox 1781 1845 1975 1910; x_wconf 88' lang='lat' dir='ltr'>alicujus</span> 
     </span>
     <span class='ocr_line' id='line_1_25' title="bbox 366 1911 1969 1975; baseline 0.001 -18"><span class='ocrx_word' id='word_1_170' title='bbox 366 1912 723 1975; x_wconf 88' lang='lat' dir='ltr'>progenitorum</span> <span class='ocrx_word' id='word_1_171' title='bbox 762 1922 1046 1970; x_wconf 91' lang='lat' dir='ltr'>nostrorum,</span> <span class='ocrx_word' id='word_1_172' title='bbox 1072 1911 1378 1958; x_wconf 87' lang='lat' dir='ltr'>existencium</span> <span class='ocrx_word' id='word_1_173' title='bbox 1405 1928 1484 1958; x_wconf 86' lang='lat' dir='ltr'>seu</span> <span class='ocrx_word' id='word_1_174' title='bbox 1517 1929 1608 1958; x_wconf 89' lang='lat' dir='ltr'>non</span> <span class='ocrx_word' id='word_1_175' title='bbox 1635 1913 1969 1959; x_wconf 86' lang='lat' dir='ltr'>existencium:</span> 
     </span>
    </p>

    <p class='ocr_par' dir='ltr' id='par_1_3' title="bbox 363 1979 1975 2849">
     <span class='ocr_line' id='line_1_26' title="bbox 364 1979 1971 2043; baseline 0.001 -19"><span class='ocrx_word' id='word_1_176' title='bbox 364 1995 413 2024; x_wconf 90' lang='lat' dir='ltr'>ac</span> <span class='ocrx_word' id='word_1_177' title='bbox 447 1979 740 2025; x_wconf 87' lang='lat' dir='ltr'>omnimodas</span> <span class='ocrx_word' id='word_1_178' title='bbox 775 1979 1014 2042; x_wconf 88' lang='lat' dir='ltr'>rapciones</span> <span class='ocrx_word' id='word_1_179' title='bbox 1049 1979 1357 2026; x_wconf 88' lang='lat' dir='ltr'>abducciones</span> <span class='ocrx_word' id='word_1_180' title='bbox 1393 1991 1438 2025; x_wconf 94' lang='lat' dir='ltr'>et</span> <span class='ocrx_word' id='word_1_181' title='bbox 1475 1980 1715 2042; x_wconf 90' lang='lat' dir='ltr'>capciones</span> <span class='ocrx_word' id='word_1_182' title='bbox 1749 1996 1971 2043; x_wconf 87' lang='lat' dir='ltr'>quarum-</span> 
     </span>
     <span class='ocr_line' id='line_1_27' title="bbox 365 2046 1975 2111; baseline 0 -19"><span class='ocrx_word' id='word_1_183' title='bbox 365 2062 565 2110; x_wconf 88' lang='lat' dir='ltr'>cumque</span> <span class='ocrx_word' id='word_1_184' title='bbox 607 2047 829 2093; x_wconf 87' lang='lat' dir='ltr'>heredum</span> <span class='ocrx_word' id='word_1_185' title='bbox 868 2046 1132 2093; x_wconf 91' lang='lat' dir='ltr'>tenencium</span> <span class='ocrx_word' id='word_1_186' title='bbox 1184 2057 1455 2093; x_wconf 90' lang='lat' dir='ltr'>nostrorum</span> <span class='ocrx_word' id='word_1_187' title='bbox 1498 2058 1578 2093; x_wconf 89' lang='lat' dir='ltr'>aut</span> <span class='ocrx_word' id='word_1_188' title='bbox 1626 2046 1820 2111; x_wconf 89' lang='lat' dir='ltr'>alicujus</span> <span class='ocrx_word' id='word_1_189' title='bbox 1866 2063 1975 2110; x_wconf 89' lang='lat' dir='ltr'>pro-</span> 
     </span>
     <span class='ocr_line' id='line_1_28' title="bbox 364 2113 1972 2178; baseline 0.001 -20"><span class='ocrx_word' id='word_1_190' title='bbox 364 2113 590 2176; x_wconf 89' lang='lat' dir='ltr'>genitoris</span> <span class='ocrx_word' id='word_1_191' title='bbox 616 2114 759 2159; x_wconf 89' lang='lat' dir='ltr'>nostri</span> <span class='ocrx_word' id='word_1_192' title='bbox 787 2114 858 2159; x_wconf 91' lang='lat' dir='ltr'>vel</span> <span class='ocrx_word' id='word_1_193' title='bbox 885 2114 1083 2160; x_wconf 89' lang='lat' dir='ltr'>aliorum</span> <span class='ocrx_word' id='word_1_194' title='bbox 1110 2130 1544 2178; x_wconf 87' lang='lat' dir='ltr'>quorumcumque,</span> <span class='ocrx_word' id='word_1_195' title='bbox 1572 2113 1717 2169; x_wconf 89' lang='lat' dir='ltr'>nobis,</span> <span class='ocrx_word' id='word_1_196' title='bbox 1735 2125 1813 2160; x_wconf 87' lang='lat' dir='ltr'>aut</span> <span class='ocrx_word' id='word_1_197' title='bbox 1838 2113 1972 2160; x_wconf 87' lang='lat' dir='ltr'>alicui</span> 
     </span>
     <span class='ocr_line' id='line_1_29' title="bbox 363 2180 1970 2244; baseline 0.001 -18"><span class='ocrx_word' id='word_1_198' title='bbox 363 2180 718 2244; x_wconf 87' lang='lat' dir='ltr'>progenitorum</span> <span class='ocrx_word' id='word_1_199' title='bbox 764 2192 1029 2227; x_wconf 89' lang='lat' dir='ltr'>nostrorum</span> <span class='ocrx_word' id='word_1_200' title='bbox 1072 2180 1425 2243; x_wconf 84' lang='lat' dir='ltr'>pertinencium,</span> <span class='ocrx_word' id='word_1_201' title='bbox 1468 2192 1574 2227; x_wconf 88' lang='lat' dir='ltr'>ante</span> <span class='ocrx_word' id='word_1_202' title='bbox 1622 2181 1800 2227; x_wconf 88' lang='lat' dir='ltr'>dictum</span> <span class='ocrx_word' id='word_1_203' title='bbox 1847 2182 1970 2229; x_wconf 88' lang='lat' dir='ltr'>diem</span> 
     </span>
     <span class='ocr_line' id='line_1_30' title="bbox 366 2246 1975 2312; baseline 0.001 -19"><span class='ocrx_word' id='word_1_204' title='bbox 366 2246 509 2293; x_wconf 89' lang='lat' dir='ltr'>factas</span> <span class='ocrx_word' id='word_1_205' title='bbox 563 2258 609 2293; x_wconf 91' lang='lat' dir='ltr'>et</span> <span class='ocrx_word' id='word_1_206' title='bbox 662 2247 870 2294; x_wconf 89' lang='lat' dir='ltr'>habitas:</span> <span class='ocrx_word' id='word_1_207' title='bbox 929 2265 978 2294; x_wconf 87' lang='lat' dir='ltr'>ac</span> <span class='ocrx_word' id='word_1_208' title='bbox 1030 2264 1193 2294; x_wconf 89' lang='lat' dir='ltr'>omnes</span> <span class='ocrx_word' id='word_1_209' title='bbox 1244 2249 1358 2294; x_wconf 88' lang='lat' dir='ltr'>fines</span> <span class='ocrx_word' id='word_1_210' title='bbox 1417 2259 1462 2294; x_wconf 92' lang='lat' dir='ltr'>et</span> <span class='ocrx_word' id='word_1_211' title='bbox 1523 2247 1836 2295; x_wconf 88' lang='lat' dir='ltr'>forisfacturas</span> <span class='ocrx_word' id='word_1_212' title='bbox 1890 2265 1975 2312; x_wconf 89' lang='lat' dir='ltr'>pro</span> 
     </span>
     <span class='ocr_line' id='line_1_31' title="bbox 368 2314 1972 2380; baseline 0.001 -20"><span class='ocrx_word' id='word_1_213' title='bbox 368 2314 626 2378; x_wconf 86' lang='lat' dir='ltr'>maritagio,</span> <span class='ocrx_word' id='word_1_214' title='bbox 675 2326 754 2361; x_wconf 89' lang='lat' dir='ltr'>aut</span> <span class='ocrx_word' id='word_1_215' title='bbox 815 2314 984 2371; x_wconf 87' lang='lat' dir='ltr'>valore,</span> <span class='ocrx_word' id='word_1_216' title='bbox 1027 2327 1107 2362; x_wconf 92' lang='lat' dir='ltr'>aut</span> <span class='ocrx_word' id='word_1_217' title='bbox 1155 2315 1330 2378; x_wconf 88' lang='lat' dir='ltr'>duplici</span> <span class='ocrx_word' id='word_1_218' title='bbox 1392 2316 1559 2370; x_wconf 88' lang='lat' dir='ltr'>valore,</span> <span class='ocrx_word' id='word_1_219' title='bbox 1624 2315 1972 2380; x_wconf 88' lang='lat' dir='ltr'>maritagiorum</span> 
     </span>
     <span class='ocr_line' id='line_1_32' title="bbox 364 2381 1971 2447; baseline 0.001 -19"><span class='ocrx_word' id='word_1_220' title='bbox 364 2383 620 2429; x_wconf 86' lang='lat' dir='ltr'>eorundem</span> <span class='ocrx_word' id='word_1_221' title='bbox 649 2382 887 2438; x_wconf 86' lang='lat' dir='ltr'>heredum,</span> <span class='ocrx_word' id='word_1_222' title='bbox 912 2394 957 2428; x_wconf 92' lang='lat' dir='ltr'>et</span> <span class='ocrx_word' id='word_1_223' title='bbox 993 2399 1156 2428; x_wconf 90' lang='lat' dir='ltr'>eorum</span> <span class='ocrx_word' id='word_1_224' title='bbox 1194 2381 1456 2447; x_wconf 84' lang='lat' dir='ltr'>cujuslibet,</span> <span class='ocrx_word' id='word_1_225' title='bbox 1483 2394 1588 2428; x_wconf 87' lang='lat' dir='ltr'>ante</span> <span class='ocrx_word' id='word_1_226' title='bbox 1623 2383 1826 2429; x_wconf 87' lang='lat' dir='ltr'>eundem</span> <span class='ocrx_word' id='word_1_227' title='bbox 1851 2383 1971 2430; x_wconf 86' lang='lat' dir='ltr'>diem</span> 
     </span>
     <span class='ocr_line' id='line_1_33' title="bbox 367 2448 1974 2514; baseline 0.001 -19"><span class='ocrx_word' id='word_1_228' title='bbox 367 2448 724 2497; x_wconf 90' lang='lat' dir='ltr'>maritatorum:</span> <span class='ocrx_word' id='word_1_229' title='bbox 762 2449 825 2496; x_wconf 90' lang='lat' dir='ltr'>Et</span> <span class='ocrx_word' id='word_1_230' title='bbox 851 2466 989 2495; x_wconf 88' lang='lat' dir='ltr'>omne</span> <span class='ocrx_word' id='word_1_231' title='bbox 1015 2450 1061 2496; x_wconf 88' lang='lat' dir='ltr'>id</span> <span class='ocrx_word' id='word_1_232' title='bbox 1087 2450 1215 2514; x_wconf 89' lang='lat' dir='ltr'>quod</span> <span class='ocrx_word' id='word_1_233' title='bbox 1243 2450 1298 2496; x_wconf 87' lang='lat' dir='ltr'>ad</span> <span class='ocrx_word' id='word_1_234' title='bbox 1326 2466 1409 2495; x_wconf 88' lang='lat' dir='ltr'>nos</span> <span class='ocrx_word' id='word_1_235' title='bbox 1430 2467 1474 2495; x_wconf 88' lang='lat' dir='ltr'>m</span> <span class='ocrx_word' id='word_1_236' title='bbox 1498 2451 1579 2496; x_wconf 89' lang='lat' dir='ltr'>hac</span> <span class='ocrx_word' id='word_1_237' title='bbox 1605 2461 1732 2512; x_wconf 89' lang='lat' dir='ltr'>parte</span> <span class='ocrx_word' id='word_1_238' title='bbox 1757 2449 1974 2513; x_wconf 87' lang='lat' dir='ltr'>pertinet,</span> 
     </span>
     <span class='ocr_line' id='line_1_34' title="bbox 366 2516 1974 2579; baseline 0.001 -17"><span class='ocrx_word' id='word_1_239' title='bbox 366 2533 446 2562; x_wconf 90' lang='lat' dir='ltr'>seu</span> <span class='ocrx_word' id='word_1_240' title='bbox 473 2516 703 2579; x_wconf 88' lang='lat' dir='ltr'>pertinere</span> <span class='ocrx_word' id='word_1_241' title='bbox 728 2517 880 2572; x_wconf 90' lang='lat' dir='ltr'>debet,</span> <span class='ocrx_word' id='word_1_242' title='bbox 906 2528 985 2563; x_wconf 88' lang='lat' dir='ltr'>aut</span> <span class='ocrx_word' id='word_1_243' title='bbox 1022 2516 1254 2563; x_wconf 86' lang='lat' dir='ltr'>debuisset</span> <span class='ocrx_word' id='word_1_244' title='bbox 1280 2535 1287 2562; x_wconf 87' lang='lat'>:</span> <span class='ocrx_word' id='word_1_245' title='bbox 1328 2533 1377 2562; x_wconf 85' lang='lat' dir='ltr'>ac</span> <span class='ocrx_word' id='word_1_246' title='bbox 1402 2517 1558 2563; x_wconf 89' lang='lat' dir='ltr'>omnia</span> <span class='ocrx_word' id='word_1_247' title='bbox 1589 2517 1740 2563; x_wconf 88' lang='lat' dir='ltr'>exitus</span> <span class='ocrx_word' id='word_1_248' title='bbox 1763 2517 1974 2564; x_wconf 80' lang='lat' dir='ltr'>redditus</span> 
     </span>
     <span class='ocr_line' id='line_1_35' title="bbox 368 2583 1973 2648; baseline 0.001 -19"><span class='ocrx_word' id='word_1_249' title='bbox 368 2583 666 2630; x_wconf 86' lang='lat' dir='ltr'>revenciones</span> <span class='ocrx_word' id='word_1_250' title='bbox 705 2595 751 2630; x_wconf 90' lang='lat' dir='ltr'>et</span> <span class='ocrx_word' id='word_1_251' title='bbox 789 2584 996 2647; x_wconf 84' lang='lat' dir='ltr'>proficua</span> <span class='ocrx_word' id='word_1_252' title='bbox 1043 2584 1257 2630; x_wconf 85' lang='lat' dir='ltr'>omnium</span> <span class='ocrx_word' id='word_1_253' title='bbox 1295 2584 1625 2647; x_wconf 87' lang='lat' dir='ltr'>premissorum</span> <span class='ocrx_word' id='word_1_254' title='bbox 1670 2601 1750 2648; x_wconf 91' lang='lat' dir='ltr'>per</span> <span class='ocrx_word' id='word_1_255' title='bbox 1788 2583 1973 2631; x_wconf 87' lang='lat' dir='ltr'>eosdem</span> 
     </span>
     <span class='ocr_line' id='line_1_36' title="bbox 370 2650 1970 2714; baseline 0.001 -18"><span class='ocrx_word' id='word_1_256' title='bbox 370 2651 619 2714; x_wconf 88' lang='lat' dir='ltr'>Majorem,</span> <span class='ocrx_word' id='word_1_257' title='bbox 660 2650 902 2706; x_wconf 89' lang='lat' dir='ltr'>Ballivum‚</span> <span class='ocrx_word' id='word_1_258' title='bbox 947 2663 992 2698; x_wconf 92' lang='lat' dir='ltr'>et</span> <span class='ocrx_word' id='word_1_259' title='bbox 1030 2651 1433 2697; x_wconf 88' lang='lat' dir='ltr'>Communitatem</span> <span class='ocrx_word' id='word_1_260' title='bbox 1470 2663 1575 2697; x_wconf 90' lang='lat' dir='ltr'>ante</span> <span class='ocrx_word' id='word_1_261' title='bbox 1609 2652 1807 2698; x_wconf 88' lang='lat' dir='ltr'>eundem</span> <span class='ocrx_word' id='word_1_262' title='bbox 1849 2651 1970 2697; x_wconf 89' lang='lat' dir='ltr'>diem</span> 
     </span>
     <span class='ocr_line' id='line_1_37' title="bbox 368 2717 1975 2781; baseline 0.001 -18"><span class='ocrx_word' id='word_1_263' title='bbox 368 2729 581 2780; x_wconf 89' lang='lat' dir='ltr'>percepta</span> <span class='ocrx_word' id='word_1_264' title='bbox 604 2729 649 2764; x_wconf 90' lang='lat' dir='ltr'>et</span> <span class='ocrx_word' id='word_1_265' title='bbox 676 2718 830 2764; x_wconf 84' lang='lat' dir='ltr'>habita</span> <span class='ocrx_word' id='word_1_266' title='bbox 854 2735 865 2773; x_wconf 86' lang='grc'>;</span> <span class='ocrx_word' id='word_1_267' title='bbox 902 2731 946 2764; x_wconf 90' lang='lat' dir='ltr'>et</span> <span class='ocrx_word' id='word_1_268' title='bbox 973 2719 1132 2765; x_wconf 82' lang='lat' dir='ltr'>eadem</span> <span class='ocrx_word' id='word_1_269' title='bbox 1156 2719 1368 2765; x_wconf 85' lang='lat' dir='ltr'>redditus</span> <span class='ocrx_word' id='word_1_270' title='bbox 1394 2718 1691 2765; x_wconf 88' lang='lat' dir='ltr'>revenciones</span> <span class='ocrx_word' id='word_1_271' title='bbox 1709 2730 1753 2765; x_wconf 86' lang='lat' dir='ltr'>et</span> <span class='ocrx_word' id='word_1_272' title='bbox 1775 2717 1975 2781; x_wconf 78' lang='lat' dir='ltr'>proficua</span> 
     </span>
     <span class='ocr_line' id='line_1_38' title="bbox 366 2784 1971 2849; baseline 0.001 -19"><span class='ocrx_word' id='word_1_273' title='bbox 366 2785 539 2831; x_wconf 80' lang='lat' dir='ltr'>eisdem</span> <span class='ocrx_word' id='word_1_274' title='bbox 580 2786 772 2849; x_wconf 87' lang='lat' dir='ltr'>Majori,</span> <span class='ocrx_word' id='word_1_275' title='bbox 801 2786 996 2842; x_wconf 88' lang='lat' dir='ltr'>Ballivo,</span> <span class='ocrx_word' id='word_1_276' title='bbox 1023 2799 1066 2832; x_wconf 86' lang='lat' dir='ltr'>et</span> <span class='ocrx_word' id='word_1_277' title='bbox 1105 2785 1445 2832; x_wconf 86' lang='lat' dir='ltr'>Communitati</span> <span class='ocrx_word' id='word_1_278' title='bbox 1483 2786 1648 2832; x_wconf 88' lang='lat' dir='ltr'>damus</span> <span class='ocrx_word' id='word_1_279' title='bbox 1682 2799 1727 2833; x_wconf 80' lang='lat' dir='ltr'>et</span> <span class='ocrx_word' id='word_1_280' title='bbox 1764 2784 1971 2832; x_wconf 85' lang='lat' dir='ltr'>concedi-</span> 
     </span>
    </p>
   </div>
   <div class='ocr_carea' id='block_1_3' title="bbox 2034 0 2181 2953">
    <p class='ocr_par' dir='ltr' id='par_1_4' title="bbox 2034 0 2181 2953">
     <span class='ocr_line' id='line_1_39' title="bbox 2034 0 2181 2953; baseline 0 0"><span class='ocrx_word' id='word_1_281' title='bbox 2034 0 2181 2953; x_wconf 95' lang='lat' dir='ltr'> </span> 
     </span>
    </p>
   </div>
  </div>
 </body>
</html>
