2181 3155
391 218 415 264 3
426 218 448 265 5
459 219 482 250 2
871 199 1107 247 DOVER
1145 198 1513 246 CHARTERS

1092 328 1137 379 C
1158 328 1181 378 I
1202 328 1225 378 1
1247 328 1288 380 1.

840 445 923 498 xxj
955 444 1143 498 Aprilis,
1173 451 1228 496 37
1259 443 1380 486 Hen.
1410 442 1544 485 VIII.

387 551 631 598 Ommnus
657 549 833 597 Christi
871 548 1084 595 fidelibus
1125 547 1181 593 ad
1219 563 1341 611 quos
1382 563 1568 610 presens
1608 550 1836 612 scriptum
1889 565 1995 612 per-

388 618 586 675 venerit,
609 618 844 678 Johannes
887 615 1100 670 Mascan,
1143 615 1201 660 de
1243 613 1559 678 Chart,juxta
1582 615 1751 663 Sutton
1778 616 1993 673 Valance,

387 685 434 732 in
477 685 719 733 Comitatu
763 682 954 738 Kancie‚
996 681 1334 738 husbandman‚
1389 698 1510 728 unus
1551 681 1755 729 filiorum
1800 682 1993 730 Roberti

390 752 601 810 Mascall,
626 750 1112 799 defuncti—Salutem
1137 749 1183 795 in
1209 748 1420 795 domino.
1477 748 1638 797 Sciatis
1662 766 1734 796 me
1760 748 1992 813 prefatum

385 820 648 894 Johannem
690 817 968 874 vendidisse,
1009 816 1280 872 concecisse,
1323 815 1519 872 dedisse,
1561 828 1607 863 et
1649 834 1731 881 per
1770 818 1858 864 hoc
1890 834 1995 881 pre-

386 904 491 933 sens
537 886 763 949 scriptum
814 901 969 931 meum
1019 900 1105 946 pro
1151 900 1224 929 me
1269 894 1316 929 et
1371 854 1617 930 heredibus
1663 884 1776 931 meis
1822 884 1996 948 imper-

388 965 583 1029 petuum
626 953 920 1000 confirmasse
955 950 1141 997 Thome
1179 949 1512 1012 ffrankeleyne,
1550 962 1597 998 et
1634 951 1879 998 heredibus
1902 952 1997 998 suis

387 1022 752 1085 imperpetuum,
779 1035 925 1065 unum
967 1017 1211 1064 annualem
1254 1017 1493 1064 redditum
1535 1018 1694 1065 decem
1732 1018 1992 1066 solidorum

385 1087 721 1152 sterlingorum
774 1085 1014 1133 annuatim
1060 1096 1307 1131 exeuntem
1349 1085 1407 1132 de
1459 1095 1504 1130 et
1546 1085 1593 1132 in
1635 1085 1816 1133 duabus
1857 1085 1996 1149 peciis

387 1167 507 1202 terre
531 1172 639 1201 cum
665 1153 964 1218 pertinenciis
987 1152 1095 1210 suis,
1137 1151 1314 1198 vocatis
1349 1152 1702 1211 Warnereland,
1733 1152 1996 1218 jacentibus

386 1234 432 1270 et
473 1221 780 1269 existentibus
819 1238 868 1267 1n
909 1219 1136 1267 Parochia
1187 1219 1245 1266 de
1290 1219 1545 1294 Bougnhton
1597 1193 1903 1283 Mohchesey,
1945 1220 1993 1267 in

388 1289 616 1337 comitatu
663 1287 890 1352 predicto,
938 1286 1170 1343 videlicet,
1219 1286 1278 1333 ad
1336 1287 1510 1350 regiam
1569 1298 1761 1334 stratam
1820 1287 1994 1335 ibidem

390 1375 548 1404 versus
571 1367 657 1412 est,
682 1356 739 1402 ad
765 1366 935 1402 terram
961 1354 1162 1400 Simonis
1181 1353 1389 1416 Smythe,
1410 1365 1619 1400 vocatam
1641 1354 1993 1411 Halbrokland‚

388 1441 545 1471 versus
568 1424 736 1471 southe
760 1434 806 1469 et
831 1432 958 1476 west,
983 1433 1029 1467 et
1053 1421 1109 1467 ad
1136 1432 1306 1467 terram
1327 1421 1523 1467 Walteri
1546 1421 1755 1479 Mascall‚
1783 1433 1993 1469 vocatam

389 1491 654 1547 Claxhams,
682 1506 839 1536 versus
863 1499 974 1534 west
999 1499 1044 1534 et
1076 1488 1272 1534 northe:
1314 1487 1512 1534 habend'
1548 1500 1594 1535 et
1631 1489 1912 1552 percipiend’
1948 1500 1993 1536 et

387 1558 569 1606 levand’
595 1558 858 1620 predictum
883 1555 1127 1602 annualem
1153 1554 1392 1602 redditum
1419 1555 1578 1602 decem
1603 1555 1865 1603 solidorum
1891 1573 1996 1620 pre-

387 1625 484 1673 fato
518 1626 708 1673 Thome
734 1622 1038 1685 ffrankeleyn,
1069 1621 1317 1669 heredibus
1351 1633 1396 1668 et
1433 1623 1676 1687 assignatis
1704 1623 1798 1669 suis
1822 1623 1994 1687 imper-

388 1704 600 1756 petuum,
641 1692 698 1739 ad
740 1692 859 1738 duos
899 1690 1006 1736 anni
1051 1689 1290 1746 terminos,
1335 1689 1566 1747 videlicet,
1591 1690 1646 1736 ad
1689 1689 1804 1737 festa
1840 1690 1991 1738 Sancti

390 1760 638 1807 Michaelis
679 1757 980 1821 Archiangeli
1023 1767 1068 1803 et
1111 1729 1512 1803 Annuriciacionis
1553 1726 1682 1804 beate
1709 1757 1860 1804 Marie
1888 1758 1994 1804 Vir-

387 1827 510 1891 ginis
534 1826 666 1902 equis
691 1824 992 1890 porcionibus
1016 1824 1253 1870 annuatim
1279 1823 1490 1870 solvend’
1516 1824 1893 1888 imperpetuum:
1930 1824 1992 1872 Et

387 1895 423 1941 si
466 1895 707 1957 contingat
749 1893 929 1939 dictum
970 1891 1215 1938 annualem
1259 1890 1495 1937 redditum
1534 1892 1693 1938 decem
1733 1892 1991 1939 solidorum

387 1973 541 2008 aretro
583 1960 683 2008 fore
726 1977 819 2006 non
861 1959 1067 2005 solutum
1107 1958 1154 2004 in
1195 1969 1322 2021 parte
1363 1958 1434 2004 vel
1474 1958 1518 2004 in
1545 1970 1649 2006 toto
1675 1971 1779 2022 post
1803 1959 1992 2023 aliquod

389 2028 559 2076 festum
602 2027 828 2074 festorum
871 2043 968 2090 quo
1009 2025 1126 2071 solvi
1170 2024 1374 2082 deberet,
1416 2025 1542 2089 quod
1586 2037 1697 2072 tunc
1734 2038 1779 2073 et
1819 2026 1994 2073 tociens

389 2095 502 2142 bene
526 2094 681 2141 licebit
708 2092 889 2157 prefato
913 2093 1100 2138 Thome
1128 2091 1431 2155 ffrankeleyn,
1450 2092 1697 2139 heredibus
1720 2106 1765 2139 et
1784 2093 1993 2168 assigna-

390 2163 447 2209 tis
471 2163 579 2218 suis
606 2162 650 2207 in
678 2160 907 2224 predictas
931 2160 1045 2205 duas
1075 2159 1223 2234 pecias
1247 2170 1368 2206 terre
1398 2176 1502 2205 cum
1541 2160 1850 2223 pertinenciis,
1875 2172 1919 2207 et
1944 2159 1990 2207 in

388 2200 643 2294 quamlibet
670 2228 777 2274 inde
804 2226 1064 2290 parcellam,
1087 2227 1257 2272 intrare
1283 2237 1328 2272 et
1354 2226 1648 2291 distringere,
1675 2227 1993 2274 districciones

389 2314 479 2361 que
531 2297 594 2342 sic
641 2295 813 2342 ibidem
856 2305 1010 2357 captas
1051 2305 1095 2339 et
1141 2292 1317 2339 habitas
1358 2293 1480 2340 licite
1521 2294 1577 2340 ab
1619 2294 1728 2340 inde
1769 2295 1992 2341 abducere

388 2364 591 2429 effugare
643 2373 689 2408 et
741 2373 978 2424 asportare
1030 2371 1074 2406 et
1128 2377 1207 2406 eos
1259 2361 1467 2407 detinere
1510 2377 1756 2425 quousque
1798 2373 1891 2408 tam
1934 2361 1991 2409 de

389 2432 553 2478 eodem
624 2428 806 2475 annuali
874 2428 1060 2474 redditu
1130 2428 1289 2474 decem
1342 2427 1600 2474 solidorum
1664 2440 1709 2475 et
1768 2429 1992 2493 arreragia

388 2498 612 2563 ejusdem,
655 2513 703 2542 ac
746 2495 990 2559 cujuslibet
1034 2494 1140 2540 inde
1177 2494 1387 2557 parcelle,
1421 2512 1561 2558 quam
1599 2495 1656 2541 de
1692 2496 1904 2559 expensis
1945 2506 1990 2543 et

390 2565 605 2628 dampnis
645 2581 696 2609 ea
736 2579 974 2609 occasione
1019 2561 1184 2607 habitis
1225 2573 1269 2606 et
1312 2562 1534 2609 sustentis
1574 2561 1755 2625 prefato
1807 2562 1991 2609 Thome

392 2631 677 2693 ffrankeleyn
729 2629 972 2676 heredibus
1019 2639 1097 2674 aut
1145 2628 1387 2691 assignatis
1443 2629 1536 2675 suis
1595 2629 1794 2692 plenarie
1853 2629 1991 2676 fuerit

388 2699 594 2746 solutum
629 2710 673 2744 et
708 2695 992 2743 satisfactum
1019 2714 1026 2741 :
1069 2695 1129 2741 Et
1159 2707 1207 2741 ut
1235 2696 1316 2741 hec
1343 2713 1442 2741 mea
1466 2696 1664 2742 donacio
1688 2709 1733 2743 ct
1760 2695 1993 2744 concessio

389 2766 570 2813 stabiles
611 2775 654 2811 et
700 2764 828 2810 firme
871 2763 961 2809 sint
1005 2779 1053 2808 ac
1091 2762 1329 2825 capiantur
1367 2762 1582 2810 effectum
1634 2780 1723 2827 ego
1760 2763 1992 2827 predictus
