2181 3155
397 215 493 261 304
878 198 1115 246 DOVER
1153 198 1522 246 CHARTERS

392 351 583 398 quoque
619 333 778 390 modo,
803 332 976 379 eisdem
1022 331 1211 396 Majori‚
1253 331 1448 389 Ballivo,
1473 343 1518 378 et
1550 331 1891 379 Communitati
1918 347 1999 395 per
2063 365 2072 382 ¹.

2062 542 2115 738 {l

2064 735 2115 1366 l

394 1543 882 1598 hereditamentorum,
915 1552 961 1587 et
1000 1541 1356 1604 possessionum,
1393 1552 1439 1588 et
1476 1540 1719 1606 cujuslibet
1757 1540 1865 1586 inde
1897 1557 2003 1604 par-
2059 1555 2069 1603 ᾗ

392 412 624 466 presentes
660 400 828 447 damus
863 410 909 446 et
939 399 1237 446 concedimus
1274 398 1444 463 absque
1482 399 1639 463 aliquo
1674 411 1896 463 compoto
1918 415 2000 446 seu

392 469 549 533 aliquo
595 467 684 514 alio
731 467 863 514 nobis
921 478 1001 513 aut
1060 465 1310 512 heredibus
1369 465 1539 513 nostris
1597 466 1704 512 inde
1763 465 2000 523 reddend’,

391 534 617 592 solvend'‚
635 532 939 581 velfaciend':
981 533 1057 580 ET
1087 550 1337 579 ULTERws
1359 533 1684 596 perdonamus,
1703 532 2001 590 remittimus,

391 615 437 651 et
461 604 716 649 relaxamus
754 618 835 665 per
873 612 1107 664 presentes
1138 600 1313 646 eisdem
1342 600 1534 665 Majori,
1561 600 1758 657 Ballivo,
1783 612 1829 647 et
1854 600 2002 648 Com-

393 669 610 717 munitati
659 668 954 716 omnimodas
995 667 1290 724 donaciones,
1331 667 1649 723 alienaciones,
1689 679 1735 713 et
1773 666 2000 731 perquisi-

391 738 546 784 ciones
572 754 651 800 per
676 737 799 799 ipsos
827 735 1075 800 Majorem,
1110 734 1360 791 Ballivum,
1392 745 1438 781 et
1477 735 1894 790 Communitatem,
1919 745 2001 781 aut

393 822 473 868 per
509 804 709 868 aliquam
747 803 881 849 aliam
919 819 1179 865 personam,
1217 801 1314 848 sive
1352 801 1529 866 aliquas
1554 801 1661 848 alias
1686 818 1918 865 personas,
1944 801 2002 848 de

392 872 526 918 terris
549 883 596 917 et
622 870 912 927 tenementis,
940 869 1318 916 hereditamentis
1345 880 1392 916 et
1421 869 1786 932 possessionibus
1809 868 2004 932 quibus-

391 955 590 1002 cumque
624 937 747 983 unde
785 936 927 982 iidem
973 935 1146 1000 Major,
1188 936 1408 992 Ballivus,
1456 948 1501 982 et
1549 936 1876 983 Communitas
1915 934 2000 983 soli

389 1005 529 1052 seisiti
567 1005 786 1060 existunt,
816 1003 889 1050 vel
928 1003 1216 1068 conjunctim
1256 1003 1392 1050 simul
1427 1020 1534 1050 cum
1561 1003 1666 1060 alio,
1693 1003 1764 1049 vel
1789 1002 1903 1059 aliis,
1929 1002 2000 1049 vel

389 1073 555 1137 aliquis
594 1072 724 1128 aliuS‚
767 1082 848 1117 aut
890 1070 1031 1134 aliqui
1073 1070 1165 1124 alii,
1207 1071 1264 1117 ad
1307 1087 1442 1116 usum
1484 1071 1740 1117 eorundem
1787 1069 2001 1134 Majoris,

393 1139 573 1195 Ballivi,
599 1150 645 1186 et
670 1137 1035 1186 Communitatis
1071 1137 1256 1184 seisitus
1293 1138 1466 1194 existit,
1501 1137 1573 1184 vel
1610 1137 1751 1184 seisiti
1784 1137 2002 1194 existunt,

391 1207 449 1255 de
475 1206 624 1264 nobiS,
648 1217 729 1252 aut
753 1205 910 1270 aliquo
940 1204 1300 1270 progenitorum
1338 1216 1624 1261 nostrorum,
1662 1205 1706 1250 in
1745 1204 1893 1267 capite
1929 1203 2002 1251 vel

391 1275 523 1321 aliter
547 1274 689 1320 tentis
719 1290 801 1336 per
832 1289 1175 1336 quamcumque
1208 1288 1453 1335 personam
1479 1289 1528 1318 ac
1553 1288 1868 1336 quascumque
1898 1287 2003 1335 per-

391 1358 540 1399 sonas,
564 1351 669 1388 ante
693 1340 876 1387 dictum
902 1339 1025 1386 diem
1051 1337 1193 1386 factas
1217 1350 1263 1386 et
1296 1338 1489 1396 habitas,
1514 1339 1700 1386 licencia
1727 1339 1872 1403 Regia
1895 1338 2002 1386 inde

395 1426 487 1456 non
529 1408 752 1455 obtenta:
808 1408 881 1453 Ac
922 1407 1246 1470 percepciones
1294 1406 1586 1470 recepciones
1633 1406 1788 1452 exitus
1839 1422 2003 1452 reven-

393 1476 560 1533 cioneS,
601 1487 646 1522 et
695 1474 902 1538 proficua
940 1474 1196 1520 eorundem
1248 1485 1490 1530 terrarum,
1527 1484 1919 1529 tenementorum‚
1955 1484 2001 1520 et

393 1610 517 1667 celle,
564 1620 670 1656 ante
712 1608 975 1672 predictum
1029 1608 1152 1654 diem
1201 1606 1343 1655 factas
1388 1607 1484 1654 sive
1533 1607 1708 1655 habitas
1731 1626 1739 1654 ε
1801 1607 2000 1654 Necnon

391 1678 550 1725 eadem
576 1676 729 1723 exitus
754 1675 962 1740 proficua
986 1687 1031 1722 et
1055 1676 1352 1722 revenciones
1375 1675 1547 1721 eisdem
1587 1675 1779 1740 Majori,
1806 1674 2001 1731 Ballivo,

391 1758 437 1792 et
465 1743 809 1792 Communitati
834 1743 1000 1790 damus
1023 1754 1069 1789 et
1089 1742 1387 1789 concedimus
1411 1759 1491 1805 per
1529 1754 1766 1805 presentes
1803 1741 2001 1788 habend'

393 1830 447 1858 ex
485 1812 613 1859 dono
653 1821 814 1858 nostro
851 1809 1021 1874 absque
1059 1820 1283 1874 compoto
1321 1810 1391 1856 vel
1423 1809 1579 1873 aliquo
1603 1810 1694 1856 alio
1719 1826 1805 1873 pro
1828 1808 2000 1856 eisdem
2054 1859 2058 1865 ‚

392 1897 471 1926 seu
512 1896 675 1926 eorum
717 1877 874 1942 aliquo
916 1876 1049 1923 nobis
1096 1877 1334 1934 reddend’,
1383 1877 1609 1934 solvend’‚
1663 1877 1734 1923 vel
1789 1875 1997 1925 faciend'.

399 1947 760 1993 PERDONAMUS
783 1945 925 1991 eciam
951 1944 1236 1991 remittimus
1261 1955 1306 1990 et
1338 1944 1595 1990 relaxamus
1612 1943 1785 1990 eisdem
1809 1942 2000 2008 Majori‚

395 2014 591 2070 Ballivo,
615 2024 660 2060 et
688 2011 1031 2059 Communitati
1057 2028 1219 2058 omnes
1242 2023 1287 2057 et
1313 2010 1608 2058 omnimodas
1637 2010 2000 2067 benevolencias,

392 2092 437 2127 et
463 2096 624 2127 omnes
647 2090 693 2126 et
725 2078 1019 2125 omnimodas
1056 2079 1359 2141 pecuniarum
1398 2095 1602 2124 summas
1640 2077 1827 2125 nomine
1865 2077 2001 2124 bene-

394 2147 617 2203 volencie,
676 2145 911 2193 carissimo
958 2146 1074 2208 patri
1119 2156 1281 2192 nostro
1323 2162 1468 2220 nuper
1518 2145 1632 2210 Regi
1670 2144 1859 2210 Anglie,
1907 2143 1994 2193 .H.

392 2215 615 2278 Septimo,
641 2224 721 2259 aut
746 2213 846 2259 aliis
870 2212 1247 2277 progenitoribus
1278 2213 1444 2259 nostris
1466 2212 1563 2258 sive
1589 2211 1999 2287 predecessoribus,

394 2299 474 2346 per
516 2282 640 2345 ipsos
685 2280 933 2344 Majorem,
976 2279 1220 2337 Ballivum,
1246 2291 1290 2326 et
1328 2279 1744 2337 Communitatem,
1785 2279 1882 2326 sive
1920 2294 1999 2342 per

391 2349 591 2413 aliquem
618 2359 956 2394 antecessorum
981 2364 1190 2403 suorum,
1212 2363 1289 2392 seu
1318 2364 1397 2409 per
1422 2346 1620 2411 aliquem
1640 2347 1799 2403 alium,
1821 2345 1893 2392 vel
1919 2361 1998 2409 per

391 2417 591 2480 aliquem
617 2425 903 2471 testatorem,
928 2414 1024 2460 sive
1053 2414 1232 2478 aliquos
1260 2424 1504 2460 testatores
1539 2414 1745 2477 ipsorum
1785 2411 1998 2478 Majoris,

394 2483 574 2538 Ballivi,
598 2493 644 2529 et
669 2481 1047 2537 Communitatis‚
1068 2498 1163 2528 sive
1183 2498 1263 2544 per
1281 2480 1481 2545 aliquem
1501 2481 1641 2527 alium
1662 2480 1995 2527 obintestatum

391 2551 709 2606 decedentem,
758 2548 889 2613 cujus
936 2548 1166 2595 bonorum
1222 2560 1267 2595 et
1327 2548 1598 2595 catallorum
1651 2545 1997 2594 administratio

391 2618 564 2665 eisdem
594 2615 786 2681 Majori,
809 2615 1003 2672 Ballivo,
1019 2626 1064 2662 et
1091 2615 1434 2662 Communitati
1451 2614 1674 2662 commisa
1694 2613 1801 2672 fuit,
1821 2625 1868 2662 et
1886 2629 1996 2661 con-

394 2702 528 2742 cessa,
548 2695 593 2730 et
616 2683 748 2730 nobis
766 2683 934 2758 quovis
954 2682 1096 2729 modo
1114 2682 1323 2730 debitas:
1365 2683 1435 2729 Ac
1455 2699 1616 2728 omnes
1640 2694 1685 2729 et
1705 2680 1996 2729 omnimodas

392 2752 594 2799 decimas
645 2762 690 2798 et
739 2750 923 2814 quintas
971 2749 1188 2806 decimaS,
1236 2749 1405 2796 auxilia
1458 2749 1673 2806 subsidia,
1711 2749 1853 2813 dupla
1887 2746 1995 2795 sub-
