2181 3155
453 234 545 282 372
930 222 1163 270 DOVER
1199 222 1563 271 CHARTERS

449 370 768 402 successorum
806 366 1075 403 nostrorum
1110 356 1398 404 conducend’
1432 367 1479 403 et
1513 355 1860 420 transportand’
1896 373 1922 404 a
1954 356 2055 422 ripa

451 432 615 484 portus
666 422 789 470 dicte
835 424 946 471 ville
988 424 1046 470 de
1094 424 1261 470 Dovor
1302 424 1361 470 ad
1408 440 1547 470 naves
1597 423 1645 470 in
1691 424 1858 470 eodem
1915 435 2053 487 portu
2119 465 2125 473 .

448 488 698 537 existentes
731 501 810 537 aut
842 491 899 537 ad
929 507 1068 537 naves
1096 490 1143 536 in
1175 490 1270 537 alto
1303 491 1416 537 mari
1456 507 1601 554 prope
1629 491 1830 537 eundem
1866 502 2054 554 portum
2120 486 2123 532 «³

448 556 507 603 ad
544 573 762 604 ancoram
796 557 1016 622 jacentes,
1055 568 1102 604 et
1139 575 1164 604 a
1205 557 1401 604 navibus
1440 557 1532 604 illis
1572 558 1630 604 ad
1661 558 1810 621 ripam
1847 557 2053 622 ejusdem

449 634 613 697 portus
645 625 908 671 conducent
945 635 992 671 et
1027 624 1412 687 transportabunt
1448 624 1506 671 de
1541 635 1752 688 tempore
1787 625 1835 671 in
1870 636 2054 690 tempus
2118 619 2122 628 ¹

447 690 798 766 imperpetuum
843 691 1002 750 libere,
1047 691 1219 756 absque
1265 691 1421 757 aliqua
1466 691 1742 739 allocacione
1780 691 1853 738 vel
1901 691 2054 757 aliqua
2116 699 2121 756 J

448 759 642 821 pecunie
667 776 849 805 summa
879 775 961 805 seu
985 758 1142 824 aliquo
1166 759 1258 805 alio
1286 776 1373 822 pro
1399 759 1506 806 inde
1530 776 1555 806 a
1574 758 1708 806 nobis
1736 758 1985 806 heredibus
2006 770 2054 807 et

445 825 785 874 successoribus
821 825 990 872 nostris
1025 826 1302 890 impetrand'
1338 843 1419 873 seu
1465 826 1808 891 prosequend':
1859 827 1934 872 Ac
1969 842 2053 874 nos
2114 855 2119 866 ·

446 892 638 939 heredes
681 903 728 940 et
781 910 1068 940 successores
1115 905 1315 952 nostros,
1360 893 1419 941 de
1475 893 1696 940 omnibus
1741 892 1964 940 oneribus
2007 903 2054 942 et
2114 886 2118 894 ¹

444 959 742 1007 denariorum
779 960 976 1007 summis
1012 960 1058 1007 in
1083 971 1130 1007 et
1165 960 1284 1008 circa
1317 960 1767 1024 transportacionem
1802 960 2053 1008 earundem

442 1025 703 1074 litterarum
750 1027 799 1074 in
857 1026 1010 1074 forma
1067 1028 1274 1091 predicta
1330 1027 1587 1075 sustinend’
1634 1028 1692 1075 de
1749 1039 1960 1091 tempore
2005 1028 2050 1076 in
2112 1060 2115 1083 ς

443 1104 644 1158 tempus,
669 1095 989 1142 exonerabunt
1009 1105 1056 1141 et
1074 1095 1380 1160 aquietabunt
1398 1095 1747 1159 imperpetuum
1772 1113 1780 1142 :
1821 1095 1896 1142 Eo
1923 1094 2050 1159 quod
2112 1096 2114 1126 ῑ

443 1178 653 1224 expressa
688 1162 871 1208 mencio
902 1163 960 1210 de
995 1179 1109 1209 vero
1138 1163 1294 1210 valore
1326 1179 1480 1209 annuo
1520 1173 1599 1209 aut
1636 1162 1913 1209 certitudine
1948 1179 2052 1225 pre-

443 1228 707 1287 missorum,
732 1229 805 1276 vel
840 1246 1002 1277 eorum
1038 1229 1244 1296 alicujus,
1284 1241 1363 1276 aut
1399 1230 1457 1276 de
1493 1229 1592 1276 aliis
1627 1229 1764 1276 donis
1799 1229 1895 1275 sive
1941 1245 2051 1276 con·
2109 1235 2113 1243 ’

442 1296 724 1343 cessionibus
741 1314 821 1360 per
846 1314 945 1356 nos,
971 1298 1044 1343 vel
1062 1314 1143 1361 per
1162 1298 1365 1362 aliquem
1385 1297 1743 1361 progenitorum
1763 1307 2044 1354 nostrorum,

442 1363 632 1426 prefatis
658 1364 850 1429 Majori,
875 1364 1066 1425 Juratis,
1102 1376 1148 1411 et
1174 1365 1516 1412 Communitati
1544 1365 1750 1427 predicte
1786 1364 1858 1410 vel
1894 1374 2047 1411 nostre
2106 1391 2110 1415 1

440 1431 498 1477 de
536 1432 706 1478 Dovor
747 1443 852 1478 ante
893 1432 975 1478 hec
1014 1444 1228 1495 tempora
1269 1431 1402 1478 factis
1443 1432 1489 1478 in
1528 1431 1819 1494 presentibus
1857 1431 2047 1478 minime
2105 1440 2109 1476 ὲ

439 1497 560 1545 facta
583 1499 761 1556 existat,
786 1511 864 1546 aut
889 1499 1046 1563 aliquo
1070 1510 1262 1556 statuto,
1287 1510 1408 1556 actu,
1435 1499 1745 1558 ordinacione,
1768 1498 2047 1562 provisione,
2104 1540 2107 1556 ᾖ

437 1565 536 1612 sive
580 1566 877 1613 restriccione
912 1566 1020 1613 inde
1066 1566 1402 1613 incontrarium
1461 1565 1595 1613 factis
1640 1565 1778 1612 editis
1824 1565 2049 1613 ordinatis
2104 1603 2105 1614 ,

439 1649 519 1679 seu
543 1633 759 1696 provisis,
784 1644 863 1680 aut
894 1633 1048 1698 aliqua
1082 1634 1168 1680 alia
1193 1651 1241 1680 re
1265 1650 1398 1680 causa
1416 1633 1486 1680 vel
1515 1633 1706 1680 materia
1737 1649 2045 1698 quacumque,
2103 1666 2106 1676 .

441 1700 487 1746 in
512 1700 671 1764 aliquo
695 1717 788 1747 non
815 1700 1039 1748 obstante.
2100 1761 2104 1766 Δ

540 1768 597 1813 ΙΝ
636 1784 787 1827 cujus
827 1783 911 1815 REI
951 1783 1311 1815 TESTIMONIUM
1357 1767 1437 1813 has
1488 1767 1665 1814 litteras
1723 1777 1902 1814 nostras
1948 1766 2045 1813 fieri
2100 1807 2103 1811 .

439 1833 634 1880 fecimus
658 1845 879 1897 patentes,

538 1902 706 1948 TESTE
738 1919 812 1947 me
838 1903 934 1966 ipsa
969 1902 1092 1966 apud
1118 1900 1592 1948 Westmonasterium
1629 1900 1852 1947 vicesimo
1880 1911 2046 1947 octavo

437 1968 512 2014 die
559 1968 844 2015 Novembris
884 1987 1005 2016 anno
1045 1969 1176 2033 regni
1216 1969 1360 2016 nostri
1401 1968 1569 2031 primo,
1660 1968 1769 2029 (Per
1808 1967 1947 2014 breve
1986 1967 2044 2015 de

438 2036 624 2099 privato
649 2035 819 2098 sigillo.
894 2036 988 2082 Per
1009 2036 1183 2099 Hare.)

436 2447 543 2511 [25]
