2192 3342
411 264 470 311 54
887 245 1116 294 DovER
1153 242 1520 292 CHARTERS

407 383 524 445 cujus
549 385 611 428 rei
653 381 934 427 testimonium
971 379 1056 424 hiis
1093 378 1331 425 indenturis
1364 377 1550 439 sigillum
1576 393 1788 423 commune
1812 393 1899 423 una
1923 392 2015 423 cum

407 449 569 511 sigillis
609 448 903 510 predictorum
961 445 1182 500 Willelmi,
1236 445 1444 499 Ricardi,
1498 443 1718 499 Willelmi,
1773 443 2015 503 Johannis,

410 515 454 562 ‘T
453 516 587 572 home,
630 527 669 561 et
713 512 926 560 Willelmi
966 512 1143 570 Russel‚
1181 511 1428 557 alternatim
1467 521 1528 556 est
1559 522 1806 572 appensum.
1877 511 1939 556 Et
1972 521 2021 557 ut

409 584 675 645 imposterum
717 583 860 627 omnia
890 582 1110 641 premissa
1133 578 1316 636 firmius
1359 577 1609 624 roborentur
1643 577 2017 624 excellentissimus

409 666 537 696 comes
572 650 766 695 dominus
802 646 1059 693 Edmundus
1082 645 1210 703 filius
1246 644 1425 691 illustris
1462 645 1568 707 regis
1600 644 1773 707 Anglie,
1798 655 1840 690 et
1865 645 2017 691 Custos

409 718 589 780 quinque
618 726 837 777 portuum,
871 713 1063 774 predicta
1099 713 1257 773 scripta
1295 711 1437 774 sigilli
1473 713 1543 758 sui
1579 711 1858 772 impressione
1892 711 2017 758 robo—

410 785 545 830 ravit.

509 849 640 897 Data
688 848 898 895 Dovorra
943 847 1145 892 vicesimo
1191 846 1319 892 tercio
1365 845 1432 891 die
1486 845 1685 892 Octobris
1731 861 1845 892 anno
1890 847 2018 908 regni

409 919 523 980 regis
547 915 784 970 Edwardi‚
806 913 892 972 filii
915 915 1028 977 regis
1051 913 1287 971 Edwardi,
1312 912 1338 937 ³*
1353 913 1509 959 decimo
1534 913 1722 974 septimo.

511 983 615 1030 Nos
656 982 999 1029 considerantes
1040 979 1168 1044 quod
1210 980 1331 1026 inter
1373 979 1586 1026 homines
1622 979 1842 1026 habentes
1880 995 2019 1026 navoe

409 1049 708 1114 passagiarias
732 1049 778 1095 in
803 1047 968 1095 eodem
994 1058 1151 1110 portu,
1167 1058 1214 1094 et
1229 1057 1405 1093 ceteros
1422 1046 1635 1094 homines
1652 1046 2021 1094 Communitatis

410 1118 616 1180 predicte
640 1133 777 1179 super
801 1114 1012 1178 proficuo
1037 1114 1236 1178 passagii
1269 1113 1481 1178 predicti,
1507 1113 1689 1161 diverse
1713 1113 2021 1161 dissensiones

410 1197 456 1230 et
481 1183 713 1231 discordie
748 1193 854 1229 ante
886 1183 969 1228 hec
1004 1193 1217 1245 tempora
1252 1179 1442 1227 fuerunt
1478 1180 1669 1228 suborte
1693 1197 1748 1226 ex
1773 1180 1946 1245 quibus
1970 1180 2017 1226 in

409 1252 576 1298 eodem
612 1261 751 1313 portu
787 1250 988 1313 dampna
1012 1248 1214 1312 plurima
1246 1259 1518 1305 evenerunt,
1550 1248 1853 1312 volentesque
1888 1247 2020 1294 malis

411 1317 682 1383 hujusmodi
723 1333 809 1380 pro
845 1315 1018 1363 futuris
1052 1315 1343 1378 temporibus
1378 1314 1567 1361 obviare
1605 1326 1651 1362 et
1689 1314 2018 1379 tranquillitati

408 1396 456 1433 et
491 1385 638 1450 quieti
674 1384 890 1431 omnium
925 1394 971 1430 et
1006 1383 1301 1447 singulorum
1338 1393 1503 1445 portus
1532 1382 1727 1446 predicti
1755 1382 2017 1445 providere,

410 1452 568 1500 omnia
612 1463 659 1498 et
704 1450 886 1515 singula
932 1451 1150 1514 premissa
1191 1449 1237 1496 in
1279 1449 1408 1497 dicto
1447 1449 1623 1512 scripto
1663 1460 1882 1496 contenta
1922 1459 2019 1495 rata

411 1519 632 1566 habentes
655 1529 701 1565 et
726 1529 859 1582 grata
882 1535 934 1564 ea
958 1534 1042 1581 pro
1068 1516 1202 1563 nobis
1229 1527 1276 1563 et
1300 1516 1548 1562 heredibus
1578 1515 1763 1572 nostriS,
1788 1527 2018 1579 quantum

411 1587 457 1633 in
501 1586 636 1633 nobis
675 1596 759 1643 est,
802 1584 1105 1632 concedimus
1145 1594 1191 1630 et
1232 1583 1564 1629 confirmamus
1606 1600 1715 1630 curn
1756 1582 2018 1648 adjeccione

411 1652 532 1700 infra
553 1653 735 1716 scripta,
763 1651 995 1708 videlicet,
1029 1651 1157 1716 quod
1193 1666 1356 1697 omnes
1383 1661 1429 1697 et
1452 1650 1627 1714 singuli
1661 1651 1718 1697 de
1743 1661 1887 1713 portu
1913 1667 2019 1714 pre-

410 1721 538 1768 dicto
574 1720 654 1785 qui
694 1736 832 1766 naves
867 1735 948 1765 seu
984 1718 1178 1765 batellos
1214 1717 1481 1782 hujusmodi
1519 1717 1817 1781 passagiarios
1851 1717 2018 1764 habere

411 1788 616 1851 poterint
639 1798 686 1834 et
711 1786 964 1842 voluerint,
989 1802 1068 1833 eos
1103 1784 1316 1842 habeant,
1358 1795 1404 1831 et
1440 1784 1815 1831 contribuciones
1849 1783 2021 1831 faciant

410 1855 710 1919 supradictas»,
747 1864 794 1900 et
829 1853 958 1917 quod
997 1852 1190 1916 pecunia
1224 1852 1282 1898 de
1317 1851 1750 1898 contribucionibus
1786 1851 1873 1898 illis
1912 1868 2019 1915 per-

410 1922 598 1968 veniens
622 1922 669 1968 in
698 1920 900 1984 quadam
937 1919 1176 1967 communi
1201 1919 1314 1966 cista
1338 1918 1384 1965 in
1409 1918 1597 1965 ecclesia
1621 1919 1773 1965 Sancti
1801 1918 2016 1976 Martini,

411 1990 642 2045 Dovorre,
693 1988 779 2034 sub
828 1987 1041 2034 custodia
1098 1987 1304 2033 duorum
1353 1985 1426 2032 vel
1473 1986 1618 2032 trium
1666 1985 1922 2049 proborum
1970 1997 2017 2033 et

407 2056 625 2120 legalium
682 2054 930 2102 hominum
990 2064 1156 2117 portus
1205 2053 1398 2116 predicti
1453 2052 1725 2117 hujusmodi
1788 2070 1926 2099 naves
1971 2065 2017 2100 et

409 2122 600 2170 batellos
624 2121 924 2186 passagiarios
948 2121 1223 2167 habencium
1250 2137 1330 2183 per
1355 2120 1566 2166 homines
1591 2137 1730 2166 naves
1752 2131 1797 2167 et
1823 2120 2017 2167 batellos

408 2189 679 2255 hujusmodi
719 2189 939 2235 habentes
969 2187 1171 2251 eligend’
1197 2197 1243 2234 et
1268 2187 1355 2233 sub
1379 2187 1542 2251 sigillis
1571 2187 1770 2234 aliorum
1807 2187 2015 2234 duorum

407 2258 482 2304 vel
517 2258 662 2304 trium
701 2256 958 2320 proborum
983 2266 1029 2301 et
1055 2254 1274 2318 legalium
1301 2254 1543 2300 hominum
1570 2254 1626 2300 de
1661 2254 1847 2302 residuo
1871 2255 2012 2302 Com-

408 2325 650 2370 munitatis
676 2323 880 2386 predicte
906 2338 990 2385 pro
1013 2322 1077 2368 eis
1101 2322 1156 2368 ad
1183 2322 1269 2367 hoc
1293 2321 1507 2367 similiter
1532 2321 1730 2385 eligend'
1750 2322 2015 2386 deponatur

407 2391 700 2438 custodiend'
733 2390 780 2436 in
817 2389 1044 2436 auxilium
1080 2388 1259 2434 servicii
1295 2387 1428 2434 nobis
1465 2399 1511 2434 et
1555 2388 1802 2435 heredibus
1846 2389 2014 2436 nostris

406 2460 463 2505 de
501 2470 643 2522 portu
680 2457 892 2521 predicto
926 2455 1069 2503 debiti
1108 2455 1303 2502 faciend'
1329 2467 1374 2501 et
1405 2472 1490 2518 pro
1525 2455 1623 2502 aliis
1660 2455 2013 2504 necessitatibus

403 2526 612 2591 ejusdem
638 2535 803 2588 portus
826 2540 932 2570 cum
956 2522 1241 2570 occurrerint
1267 2522 1429 2569 melius
1453 2523 1772 2586 supportand'.

507 2594 560 2639 In
586 2592 656 2657 cuj
667 2609 719 2638 us
743 2591 807 2639 rei
833 2589 1155 2638 testimonium
1183 2590 1262 2636 has
1286 2588 1463 2636 litteras
1489 2601 1672 2637 nostras
1697 2589 1794 2637 fieri
1816 2588 2012 2637 fecimus

436 2671 626 2707 attentes,

404 2677 433 2723 p
501 2728 644 2774 Teste
671 2743 759 2782 me,
786 2725 887 2788 ipso
919 2724 1042 2786 apud
1070 2723 1562 2779 westmonasterium,
1588 2723 1809 2771 vicesimo
1840 2735 2011 2788 quarto

403 2794 476 2840 die
504 2794 671 2841 Marcii
697 2810 819 2839 anno
844 2792 973 2856 regni
1001 2791 1144 2839 nostri
1171 2790 1354 2837 decimo
1377 2789 1592 2854 septimo.

399 2923 501 2977 [¹4]
1129 2867 1282 2914 '¹³²³‘
