2181 3155
397 216 488 259 288
882 214 1121 262 DOVER
1159 214 1530 262 CHARTERS

390 347 709 422 clamaciones,
768 348 866 394 sive
920 349 1093 394 clamea
1153 348 1224 394 vel
1265 365 1357 394 non
1409 346 1597 404 clamea,
1652 347 2009 411 prosecuciones

392 415 724 478 usurpaciones
762 432 874 462 usus
911 415 1083 462 abusus
1119 415 1365 461 abusiones
1407 426 1451 461 et
1496 433 1591 462 non
1632 432 1744 462 usus
1780 431 2011 490 quarum-

390 498 597 545 cumque
638 481 911 529 libertatum
959 481 1323 529 franchesiarum
1372 482 1732 547 privilegiorum
1779 494 1824 530 et
1865 482 2012 547 juris-

388 549 673 607 diccionum‚
699 561 944 597 retornum
980 550 1196 596 brevium
1233 561 1567 624 preceptorum
1598 561 1643 596 et
1681 549 2010 597 mandatorum

392 628 680 674 nostrorum,
713 629 793 664 aut
834 616 1030 681 alicujus
1069 616 1386 680 progenitoris
1425 617 1587 674 nostri,
1625 628 1670 662 et
1708 616 2011 664 execuciones
2070 631 2071 634 ’
2118 609 2123 638 ‘7

390 683 666 742 eorundem,
726 701 775 730 ac
817 685 986 731 *vicus
1028 683 1466 759 ffranciplegiarum
1503 697 1546 730 et
1596 700 2010 748 quarumcumque

389 751 658 798 libertatum
722 768 802 798 seu
863 751 1255 816 jurisdiccionum
1309 751 1681 816 justiciariorum
1742 751 1878 815 pacis,
1935 750 2008 798 vel

382 818 752 883 justiciariorum
824 819 881 865 ad
946 819 1102 882 gaolas
1174 818 1480 875 deliberand’,
1550 829 1595 864 et
1677 830 2010 865 coronatorum

391 885 604 941 habend',
652 903 702 932 ac
756 902 1170 949 quarumcumque
1227 885 1420 932 aliarum
1466 854 1740 932 libertatum
1798 884 2011 932 franche-

389 953 562 999 siarum
620 952 1015 1028 jurisdiccionum
1074 965 1119 999 et
1184 952 1541 1017 privilegiorum
1590 969 2010 1016 quorumcumque

390 1019 566 1082 absque
603 1019 861 1066 Warranto
903 1019 1049 1084 regio,
1084 1037 1164 1082 per
1211 1020 1335 1082 ipsos
1378 1020 1629 1094 Majorem,
1675 1019 1923 1076 Ballivum,
1965 1031 2012 1066 et

392 1087 812 1143 Communitatem,
851 1098 956 1133 ante
1006 1088 1270 1150 predictum
1320 1087 1594 1134 vicesimum
1644 1087 1839 1133 tercium
1886 1087 2010 1134 diem

391 1153 586 1217 Aprilis,
622 1153 761 1201 factas
796 1165 842 1201 et
879 1153 1093 1200 habitas:
1133 1154 1331 1201 Necnon
1365 1154 1661 1201 omnimodas
1694 1152 2011 1201 forisfacturas

391 1221 505 1268 fines
557 1238 696 1285 penas
741 1233 787 1268 et
847 1221 1141 1268 omnimodas
1203 1221 1502 1268 denariorum
1567 1237 1775 1268 summas
1834 1221 2011 1268 ratione

391 1289 628 1335 occasione
668 1288 740 1334 vel
783 1289 1118 1352 premissorum
1144 1289 1313 1346 colore,
1349 1289 1444 1334 sive
1477 1305 1643 1335 eorum
1682 1288 1893 1353 alicujuS,
1930 1305 2010 1352 per

393 1356 518 1419 ipsos
557 1355 810 1420 Maj0rem,
838 1355 1088 1412 Ballivurn,
1121 1368 1166 1402 et
1211 1356 1637 1411 Communitatem,
1664 1367 1769 1402 ante
1806 1356 2008 1402 eundem

390 1423 516 1471 diem
542 1435 779 1498 perceptas
803 1423 897 1470 sive
923 1435 1136 1498 receptas,
1166 1435 1243 1469 aut
1272 1423 1425 1478 nobiS,
1451 1440 1531 1470 seu
1558 1423 1693 1469 alicui
1722 1422 2008 1486 progenitori

393 1502 568 1547 nostro,
623 1490 799 1536 ratione
864 1490 1214 1552 premissorum,
1271 1507 1350 1537 seu
1399 1507 1566 1537 eorum
1630 1489 1841 1555 alicujus,
1909 1507 2011 1553 per-

393 1558 570 1605 tinend’
595 1557 774 1604 debitas
806 1557 902 1603 sive
927 1568 1200 1620 spectanteS,
1234 1570 1279 1604 et
1318 1558 1501 1604 easdem
1542 1555 1861 1604 forisfacturas
1898 1557 2010 1604 fines
2060 1604 2065 1606 ,

392 1641 530 1688 penas
577 1636 622 1671 et
670 1625 971 1672 denariorum
1019 1641 1222 1670 summas
1269 1625 1444 1671 eisdem
1490 1625 1680 1689 Majori,
1723 1624 1918 1680 Ballivo,
1964 1635 2009 1671 et

391 1692 732 1739 Communitati
780 1691 949 1738 damus
993 1702 1038 1738 et
1079 1692 1379 1738 concedimus
1418 1708 1497 1755 per
1540 1703 1777 1755 presentes
1814 1690 2010 1739 habend'

390 1759 475 1805 sibi
517 1760 575 1806 de
617 1760 743 1806 dono
786 1769 947 1805 nostro
983 1758 1156 1823 absque
1197 1770 1418 1822 compoto
1456 1775 1534 1805 seu
1575 1758 1732 1823 aliquo
1772 1759 1864 1805 alio
1904 1758 2012 1805 inde

391 1826 526 1872 nobis
563 1827 635 1872 vel
675 1826 922 1873 heredibus
960 1826 1130 1872 nostris
1167 1826 1391 1873 reddend’
1432 1825 1642 1872 solvend’
1684 1827 1754 1871 vel
1798 1824 2011 1874 faciend.’

395 1893 760 1941 PERDONAMUS
784 1893 929 1939 eciam
955 1893 1239 1940 remittimus
1266 1905 1311 1940 et
1338 1893 1593 1939 relaxamus
1616 1893 1791 1940 eisdem
1820 1892 2008 1958 Majori,

392 1960 586 2018 Ballivo,
633 1971 679 2007 et
721 1960 1079 2018 Communitati,
1138 1961 1295 2007 omnia
1351 1972 1397 2006 et
1454 1961 1728 2007 omnimoda
1774 1959 1885 2006 falsa
1942 1960 2008 2006 in-

390 2027 668 2074 sufficiencia
704 2028 800 2074 sive
847 2028 1087 2090 deceptiva
1123 2039 1311 2074 retorna
1351 2043 1759 2091 quorumcumque
1798 2025 2008 2073 brevium

391 2106 720 2158 preceptorum
784 2104 830 2140 et
901 2095 1230 2142 mandatorum
1302 2106 1585 2151 nostrorum,
1654 2094 1751 2140 sive
1820 2093 2011 2159 aliquus

392 2161 704 2226 progenitoris
772 2161 953 2217 nostri;
1024 2178 1073 2208 ac
1145 2161 1441 2208 omnimodas
1516 2161 1902 2225 transgressiones
1962 2171 2009 2208 et

391 2228 589 2276 offensas
647 2245 732 2292 pro
804 2246 895 2275 non
956 2228 1154 2275 retornis
1209 2229 1486 2285 eorundem,
1534 2240 1578 2275 et
1633 2227 2012 2275 imbesillaciones

391 2296 683 2351 eorundem;
733 2312 781 2341 ac
829 2295 1123 2342 omnimodas
1168 2295 1428 2342 soluciones
1475 2296 1767 2359 recepciones
1814 2307 1860 2342 et
1907 2311 2010 2359 per-

391 2363 630 2426 cepciones
665 2363 962 2410 denariorum
997 2379 1300 2419 summarum,
1325 2375 1370 2409 et
1407 2362 1701 2409 omnimodas
1737 2362 2010 2409 tradiciones

391 2443 436 2477 et
462 2430 820 2477 deliberaciones
848 2447 1248 2494 quarumcumque
1280 2447 1450 2485 rerum,
1479 2447 1564 2493 pro
1593 2429 1791 2476 retornis
1816 2429 1889 2476 vel
1916 2444 2007 2476 non

393 2497 593 2544 retornis
616 2497 879 2561 aliquorum
918 2497 1130 2543 brevium
1169 2509 1496 2560 preceptorum
1533 2497 1630 2543 sive
1668 2497 2007 2553 mandatorum,

392 2582 471 2611 seu
513 2581 600 2628 pro
648 2562 807 2610 favore
853 2580 1257 2628 quarumcumque
1300 2580 1602 2627 personarum
1662 2564 1820 2627 aliquo
1866 2562 2007 2610 modo

391 2633 723 2687 demonstrata,
774 2632 844 2677 vel
902 2631 1133 2695 aliquibus
1191 2631 1414 2694 personis,
1474 2643 1553 2677 aut
1613 2630 1745 2676 alicui
1802 2644 2006 2711 persone,

393 2697 600 2745 favorem
643 2709 689 2744 et
730 2698 1053 2744 eisiamentum
1097 2699 1142 2744 in
1181 2698 1391 2746 custodia
1449 2715 1529 2744 sua
1563 2697 1776 2743 existenti
1814 2693 2005 2743 faciend'

395 2766 465 2812 vel
502 2765 812 2812 ostendend'
806 2784 812 2791 ·
853 2782 901 2811 ac
949 2765 1244 2811 omnimodas
1279 2765 1492 2820 offensas,
1531 2764 1925 2829 transgressiones,
1960 2772 2005 2809 et
