<?xml version="1.0" encoding="UTF-8"?>
<!DOCTYPE html PUBLIC "-//W3C//DTD XHTML 1.0 Transitional//EN"
    "http://www.w3.org/TR/xhtml1/DTD/xhtml1-transitional.dtd">
<html xmlns="http://www.w3.org/1999/xhtml" xml:lang="en" lang="en">
 <head>
  <title>
</title>
<meta http-equiv="Content-Type" content="text/html;charset=utf-8" />
  <meta name='ocr-system' content='tesseract 3.04.00' />
  <meta name='ocr-capabilities' content='ocr_page ocr_carea ocr_par ocr_line ocrx_word'/>
</head>
<body>
  <div class='ocr_page' id='page_1' title='image "./doverchartersoth00doverich/doverchartersoth00doverich_0142.png"; bbox 0 0 2192 3342; ppageno 0'>
   <div class='ocr_carea' id='block_1_1' title="bbox 431 235 1535 287">
    <p class='ocr_par' dir='ltr' id='par_1_1' title="bbox 431 235 1535 287">
     <span class='ocr_line' id='line_1_1' title="bbox 431 235 1535 287; baseline -0.004 0"><span class='ocrx_word' id='word_1_1' title='bbox 431 255 447 287; x_wconf 94' lang='lat'>1</span> <span class='ocrx_word' id='word_1_2' title='bbox 465 254 522 287; x_wconf 90' lang='lat'>10</span> <span class='ocrx_word' id='word_1_3' title='bbox 899 236 1130 286; x_wconf 90' lang='lat' dir='ltr'>DOVER</span> <span class='ocrx_word' id='word_1_4' title='bbox 1167 235 1535 285; x_wconf 88' lang='lat' dir='ltr'>CHARTERS</span> 
     </span>
    </p>
   </div>
   <div class='ocr_carea' id='block_1_2' title="bbox 947 431 1517 600">
    <p class='ocr_par' dir='ltr' id='par_1_2' title="bbox 947 431 1517 600">
     <span class='ocr_line' id='line_1_2' title="bbox 1064 431 1400 483; baseline 0 0"><span class='ocrx_word' id='word_1_5' title='bbox 1064 432 1122 483; x_wconf 89' lang='lat' dir='ltr'>X</span> <span class='ocrx_word' id='word_1_6' title='bbox 1140 432 1197 482; x_wconf 91' lang='lat' dir='ltr'>X</span> <span class='ocrx_word' id='word_1_7' title='bbox 1215 431 1273 483; x_wconf 88' lang='lat' dir='ltr'>X</span> <span class='ocrx_word' id='word_1_8' title='bbox 1289 431 1343 483; x_wconf 90' lang='lat' dir='ltr'>V</span> <span class='ocrx_word' id='word_1_9' title='bbox 1361 432 1400 483; x_wconf 92' lang='lat'>1.</span> 
     </span>
     <span class='ocr_line' id='line_1_3' title="bbox 947 546 1517 600; baseline 0 -12"><span class='ocrx_word' id='word_1_10' title='bbox 947 547 988 600; x_wconf 87' lang='lat' dir='ltr'>vj</span> <span class='ocrx_word' id='word_1_11' title='bbox 1020 546 1208 599; x_wconf 85' lang='lat' dir='ltr'><strong>Aprilis,</strong></span> <span class='ocrx_word' id='word_1_12' title='bbox 1241 555 1289 588; x_wconf 89' lang='lat'>11</span> <span class='ocrx_word' id='word_1_13' title='bbox 1323 546 1422 589; x_wconf 86' lang='lat' dir='ltr'>Ric.</span> <span class='ocrx_word' id='word_1_14' title='bbox 1457 546 1517 589; x_wconf 90' lang='lat'>11.</span> 
     </span>
    </p>
   </div>
   <div class='ocr_carea' id='block_1_3' title="bbox 422 649 2035 2667">
    <p class='ocr_par' dir='ltr' id='par_1_3' title="bbox 422 649 2035 2667">
     <span class='ocr_line' id='line_1_4' title="bbox 425 649 2033 715; baseline -0.004 -13"><span class='ocrx_word' id='word_1_15' title='bbox 425 653 545 702; x_wconf 89' lang='lat' dir='ltr'>H1-:c</span> <span class='ocrx_word' id='word_1_16' title='bbox 604 653 854 700; x_wconf 89' lang='lat' dir='ltr'>indentura</span> <span class='ocrx_word' id='word_1_17' title='bbox 911 661 1109 697; x_wconf 89' lang='lat' dir='ltr'>testatur</span> <span class='ocrx_word' id='word_1_18' title='bbox 1160 650 1290 714; x_wconf 91' lang='lat' dir='ltr'>quod</span> <span class='ocrx_word' id='word_1_19' title='bbox 1335 649 1573 710; x_wconf 86' lang='lat' dir='ltr'>Johannes</span> <span class='ocrx_word' id='word_1_20' title='bbox 1620 649 1824 714; x_wconf 89' lang='lat' dir='ltr'>Monyn,</span> <span class='ocrx_word' id='word_1_21' title='bbox 1872 649 2033 715; x_wconf 91' lang='lat' dir='ltr'>Major</span> 
     </span>
     <span class='ocr_line' id='line_1_5' title="bbox 423 716 2033 786; baseline -0.003 -18"><span class='ocrx_word' id='word_1_22' title='bbox 423 733 588 786; x_wconf 88' lang='lat' dir='ltr'>portus</span> <span class='ocrx_word' id='word_1_23' title='bbox 627 722 860 775; x_wconf 89' lang='lat' dir='ltr'>Dovorre,</span> <span class='ocrx_word' id='word_1_24' title='bbox 901 728 947 764; x_wconf 91' lang='lat' dir='ltr'>et</span> <span class='ocrx_word' id='word_1_25' title='bbox 994 717 1228 764; x_wconf 84' lang='lat' dir='ltr'>Custodes</span> <span class='ocrx_word' id='word_1_26' title='bbox 1267 716 1477 782; x_wconf 87' lang='lat' dir='ltr'>ejusdem</span> <span class='ocrx_word' id='word_1_27' title='bbox 1527 727 1707 781; x_wconf 90' lang='lat' dir='ltr'>portus,</span> <span class='ocrx_word' id='word_1_28' title='bbox 1758 717 1947 764; x_wconf 90' lang='lat' dir='ltr'>nomine</span> <span class='ocrx_word' id='word_1_29' title='bbox 1987 727 2033 763; x_wconf 92' lang='lat' dir='ltr'>et</span> 
     </span>
     <span class='ocr_line' id='line_1_6' title="bbox 423 783 2031 836; baseline -0.003 0"><span class='ocrx_word' id='word_1_30' title='bbox 423 805 650 836; x_wconf 87' lang='lat' dir='ltr'>concensu</span> <span class='ocrx_word' id='word_1_31' title='bbox 692 787 844 834; x_wconf 90' lang='lat' dir='ltr'>tocius</span> <span class='ocrx_word' id='word_1_32' title='bbox 886 783 1251 832; x_wconf 90' lang='lat' dir='ltr'>Communitatis</span> <span class='ocrx_word' id='word_1_33' title='bbox 1297 784 1470 831; x_wconf 86' lang='lat' dir='ltr'>ibidem</span> <span class='ocrx_word' id='word_1_34' title='bbox 1513 795 1839 831; x_wconf 89' lang='lat' dir='ltr'>concesserunt</span> <span class='ocrx_word' id='word_1_35' title='bbox 1875 795 1921 830; x_wconf 94' lang='lat' dir='ltr'>et</span> <span class='ocrx_word' id='word_1_36' title='bbox 1973 784 2031 831; x_wconf 89' lang='lat' dir='ltr'>ad</span> 
     </span>
     <span class='ocr_line' id='line_1_7' title="bbox 423 850 2032 909; baseline -0.003 -6"><span class='ocrx_word' id='word_1_37' title='bbox 423 855 549 903; x_wconf 91' lang='lat' dir='ltr'>feodi</span> <span class='ocrx_word' id='word_1_38' title='bbox 574 856 756 902; x_wconf 87' lang='lat' dir='ltr'>firmam</span> <span class='ocrx_word' id='word_1_39' title='bbox 781 852 1061 900; x_wconf 89' lang='lat' dir='ltr'>dimiserunt</span> <span class='ocrx_word' id='word_1_40' title='bbox 1085 852 1275 898; x_wconf 90' lang='lat' dir='ltr'>Thome</span> <span class='ocrx_word' id='word_1_41' title='bbox 1302 851 1428 898; x_wconf 89' lang='lat' dir='ltr'>Piers</span> <span class='ocrx_word' id='word_1_42' title='bbox 1451 862 1497 898; x_wconf 93' lang='lat' dir='ltr'>et</span> <span class='ocrx_word' id='word_1_43' title='bbox 1525 851 1731 909; x_wconf 89' lang='lat' dir='ltr'>Isabelle,</span> <span class='ocrx_word' id='word_1_44' title='bbox 1768 850 1900 898; x_wconf 88' lang='lat' dir='ltr'>uxori</span> <span class='ocrx_word' id='word_1_45' title='bbox 1937 867 2032 909; x_wconf 89' lang='lat' dir='ltr'>sue,</span> 
     </span>
     <span class='ocr_line' id='line_1_8' title="bbox 423 917 2034 984; baseline -0.003 -14"><span class='ocrx_word' id='word_1_46' title='bbox 423 940 563 970; x_wconf 91' lang='lat' dir='ltr'>unam</span> <span class='ocrx_word' id='word_1_47' title='bbox 616 932 788 969; x_wconf 91' lang='lat' dir='ltr'>terram</span> <span class='ocrx_word' id='word_1_48' title='bbox 839 936 1033 966; x_wconf 90' lang='lat' dir='ltr'>vacuam</span> <span class='ocrx_word' id='word_1_49' title='bbox 1080 918 1314 984; x_wconf 90' lang='lat' dir='ltr'>jacentem</span> <span class='ocrx_word' id='word_1_50' title='bbox 1363 917 1484 965; x_wconf 91' lang='lat' dir='ltr'>infra</span> <span class='ocrx_word' id='word_1_51' title='bbox 1531 918 1818 966; x_wconf 81' lang='lat' dir='ltr'>Libertatem</span> <span class='ocrx_word' id='word_1_52' title='bbox 1859 918 2034 965; x_wconf 89' lang='lat' dir='ltr'>Portus</span> 
     </span>
     <span class='ocr_line' id='line_1_9' title="bbox 424 985 2033 1050; baseline -0.003 -13"><span class='ocrx_word' id='word_1_53' title='bbox 424 992 642 1037; x_wconf 92' lang='lat' dir='ltr'>Dovorre</span> <span class='ocrx_word' id='word_1_54' title='bbox 688 988 735 1034; x_wconf 89' lang='lat' dir='ltr'>in</span> <span class='ocrx_word' id='word_1_55' title='bbox 783 985 1155 1043; x_wconf 88' lang='lat' dir='ltr'>Nicholewarde,</span> <span class='ocrx_word' id='word_1_56' title='bbox 1203 986 1322 1032; x_wconf 92' lang='lat' dir='ltr'>inter</span> <span class='ocrx_word' id='word_1_57' title='bbox 1363 997 1534 1032; x_wconf 91' lang='lat' dir='ltr'>terram</span> <span class='ocrx_word' id='word_1_58' title='bbox 1590 986 1776 1033; x_wconf 89' lang='lat' dir='ltr'>Ricardi</span> <span class='ocrx_word' id='word_1_59' title='bbox 1833 986 2033 1050; x_wconf 86' lang='lat' dir='ltr'>Magote</span> 
     </span>
     <span class='ocr_line' id='line_1_10' title="bbox 426 1051 2033 1109; baseline -0.004 -5"><span class='ocrx_word' id='word_1_60' title='bbox 426 1073 584 1104; x_wconf 90' lang='lat' dir='ltr'>versus</span> <span class='ocrx_word' id='word_1_61' title='bbox 637 1054 847 1102; x_wconf 92' lang='lat' dir='ltr'>northest</span> <span class='ocrx_word' id='word_1_62' title='bbox 899 1065 946 1100; x_wconf 95' lang='lat' dir='ltr'>et</span> <span class='ocrx_word' id='word_1_63' title='bbox 1000 1053 1268 1109; x_wconf 86' lang='lat' dir='ltr'>northwest,</span> <span class='ocrx_word' id='word_1_64' title='bbox 1318 1063 1365 1099; x_wconf 94' lang='lat' dir='ltr'>et</span> <span class='ocrx_word' id='word_1_65' title='bbox 1418 1051 1642 1099; x_wconf 90' lang='lat' dir='ltr'>fallaciam</span> <span class='ocrx_word' id='word_1_66' title='bbox 1691 1052 1831 1099; x_wconf 89' lang='lat' dir='ltr'>maris</span> <span class='ocrx_word' id='word_1_67' title='bbox 1872 1069 2033 1099; x_wconf 90' lang='lat' dir='ltr'>versus</span> 
     </span>
     <span class='ocr_line' id='line_1_11' title="bbox 423 1119 2031 1181; baseline -0.004 -9"><span class='ocrx_word' id='word_1_68' title='bbox 423 1125 650 1181; x_wconf 86' lang='lat' dir='ltr'>southest‚</span> <span class='ocrx_word' id='word_1_69' title='bbox 676 1133 723 1169; x_wconf 94' lang='lat' dir='ltr'>et</span> <span class='ocrx_word' id='word_1_70' title='bbox 748 1133 919 1168; x_wconf 91' lang='lat' dir='ltr'>terram</span> <span class='ocrx_word' id='word_1_71' title='bbox 946 1120 1072 1168; x_wconf 92' lang='lat' dir='ltr'>Petri</span> <span class='ocrx_word' id='word_1_72' title='bbox 1099 1121 1292 1167; x_wconf 89' lang='lat' dir='ltr'>Daunce</span> <span class='ocrx_word' id='word_1_73' title='bbox 1318 1136 1476 1166; x_wconf 86' lang='lat' dir='ltr'>versus</span> <span class='ocrx_word' id='word_1_74' title='bbox 1504 1121 1761 1167; x_wconf 86' lang='lat' dir='ltr'>southwest</span> <span class='ocrx_word' id='word_1_75' title='bbox 1783 1136 1795 1176; x_wconf 80' lang='lat'><em>3</em></span> <span class='ocrx_word' id='word_1_76' title='bbox 1834 1119 2031 1166; x_wconf 87' lang='lat' dir='ltr'>habend’</span> 
     </span>
     <span class='ocr_line' id='line_1_12' title="bbox 422 1187 2033 1253; baseline -0.002 -15"><span class='ocrx_word' id='word_1_77' title='bbox 422 1203 468 1239; x_wconf 94' lang='lat' dir='ltr'>et</span> <span class='ocrx_word' id='word_1_78' title='bbox 509 1190 698 1238; x_wconf 87' lang='lat' dir='ltr'>tenend’</span> <span class='ocrx_word' id='word_1_79' title='bbox 741 1188 998 1253; x_wconf 86' lang='lat' dir='ltr'>predictam</span> <span class='ocrx_word' id='word_1_80' title='bbox 1040 1187 1215 1251; x_wconf 84' lang='lat' dir='ltr'>peciam</span> <span class='ocrx_word' id='word_1_81' title='bbox 1257 1198 1378 1234; x_wconf 93' lang='lat' dir='ltr'>terre</span> <span class='ocrx_word' id='word_1_82' title='bbox 1430 1204 1536 1234; x_wconf 89' lang='lat' dir='ltr'>cum</span> <span class='ocrx_word' id='word_1_83' title='bbox 1589 1187 1683 1234; x_wconf 90' lang='lat' dir='ltr'>suis</span> <span class='ocrx_word' id='word_1_84' title='bbox 1735 1187 2033 1251; x_wconf 83' lang='lat' dir='ltr'>pertinenciis</span> 
     </span>
     <span class='ocr_line' id='line_1_13' title="bbox 424 1253 2035 1323; baseline -0.003 -18"><span class='ocrx_word' id='word_1_85' title='bbox 424 1257 617 1323; x_wconf 92' lang='lat' dir='ltr'>prefatis</span> <span class='ocrx_word' id='word_1_86' title='bbox 657 1256 846 1304; x_wconf 92' lang='lat' dir='ltr'>Thome</span> <span class='ocrx_word' id='word_1_87' title='bbox 885 1266 932 1302; x_wconf 89' lang='lat' dir='ltr'>et</span> <span class='ocrx_word' id='word_1_88' title='bbox 980 1254 1188 1311; x_wconf 89' lang='lat' dir='ltr'>Isabelle,</span> <span class='ocrx_word' id='word_1_89' title='bbox 1231 1253 1480 1301; x_wconf 88' lang='lat' dir='ltr'>heredibus</span> <span class='ocrx_word' id='word_1_90' title='bbox 1520 1265 1566 1301; x_wconf 91' lang='lat' dir='ltr'>et</span> <span class='ocrx_word' id='word_1_91' title='bbox 1606 1254 1849 1318; x_wconf 88' lang='lat' dir='ltr'>assignatis</span> <span class='ocrx_word' id='word_1_92' title='bbox 1889 1254 2035 1318; x_wconf 89' lang='lat' dir='ltr'>ipsius</span> 
     </span>
     <span class='ocr_line' id='line_1_14' title="bbox 424 1321 2033 1388; baseline -0.004 -14"><span class='ocrx_word' id='word_1_93' title='bbox 424 1327 614 1374; x_wconf 92' lang='lat' dir='ltr'>Thome</span> <span class='ocrx_word' id='word_1_94' title='bbox 638 1325 983 1388; x_wconf 89' lang='lat' dir='ltr'>imperpetuum</span> <span class='ocrx_word' id='word_1_95' title='bbox 1007 1340 1015 1368; x_wconf 79' lang='grc' dir='ltr'>ε</span> <span class='ocrx_word' id='word_1_96' title='bbox 1056 1321 1267 1368; x_wconf 84' lang='lat' dir='ltr'>ffaciend&#39;</span> <span class='ocrx_word' id='word_1_97' title='bbox 1293 1321 1400 1368; x_wconf 91' lang='lat' dir='ltr'>inde</span> <span class='ocrx_word' id='word_1_98' title='bbox 1425 1321 1580 1368; x_wconf 92' lang='lat' dir='ltr'>omnia</span> <span class='ocrx_word' id='word_1_99' title='bbox 1605 1321 1796 1368; x_wconf 90' lang='lat' dir='ltr'>servicia</span> <span class='ocrx_word' id='word_1_100' title='bbox 1825 1332 1870 1368; x_wconf 93' lang='lat' dir='ltr'>et</span> <span class='ocrx_word' id='word_1_101' title='bbox 1894 1338 2033 1368; x_wconf 88' lang='lat' dir='ltr'>onera</span> 
     </span>
     <span class='ocr_line' id='line_1_15' title="bbox 423 1388 2032 1454; baseline -0.002 -14"><span class='ocrx_word' id='word_1_102' title='bbox 423 1392 663 1440; x_wconf 89' lang='lat' dir='ltr'>annuatim</span> <span class='ocrx_word' id='word_1_103' title='bbox 715 1390 872 1437; x_wconf 89' lang='lat' dir='ltr'>debita</span> <span class='ocrx_word' id='word_1_104' title='bbox 912 1400 958 1436; x_wconf 89' lang='lat' dir='ltr'>et</span> <span class='ocrx_word' id='word_1_105' title='bbox 1000 1389 1058 1436; x_wconf 93' lang='lat' dir='ltr'>de</span> <span class='ocrx_word' id='word_1_106' title='bbox 1092 1388 1198 1454; x_wconf 88' lang='lat' dir='ltr'>jure</span> <span class='ocrx_word' id='word_1_107' title='bbox 1241 1399 1490 1436; x_wconf 90' lang='lat' dir='ltr'>consueta:</span> <span class='ocrx_word' id='word_1_108' title='bbox 1548 1388 1612 1435; x_wconf 86' lang='lat' dir='ltr'>Et</span> <span class='ocrx_word' id='word_1_109' title='bbox 1655 1388 1878 1435; x_wconf 92' lang='lat' dir='ltr'>reddend’</span> <span class='ocrx_word' id='word_1_110' title='bbox 1922 1388 2032 1436; x_wconf 91' lang='lat' dir='ltr'>inde</span> 
     </span>
     <span class='ocr_line' id='line_1_16' title="bbox 424 1455 2031 1508; baseline -0.004 0"><span class='ocrx_word' id='word_1_111' title='bbox 424 1460 666 1508; x_wconf 90' lang='lat' dir='ltr'>annuatim</span> <span class='ocrx_word' id='word_1_112' title='bbox 719 1458 840 1505; x_wconf 91' lang='lat' dir='ltr'>dicte</span> <span class='ocrx_word' id='word_1_113' title='bbox 894 1455 1235 1503; x_wconf 86' lang='lat' dir='ltr'>Communitati</span> <span class='ocrx_word' id='word_1_114' title='bbox 1288 1466 1334 1502; x_wconf 93' lang='lat' dir='ltr'>et</span> <span class='ocrx_word' id='word_1_115' title='bbox 1387 1472 1551 1502; x_wconf 91' lang='lat' dir='ltr'>eorum</span> <span class='ocrx_word' id='word_1_116' title='bbox 1604 1455 1943 1503; x_wconf 90' lang='lat' dir='ltr'>successoribus</span> <span class='ocrx_word' id='word_1_117' title='bbox 1984 1456 2031 1502; x_wconf 90' lang='lat' dir='ltr'>in</span> 
     </span>
     <span class='ocr_line' id='line_1_17' title="bbox 423 1522 2034 1587; baseline -0.004 -12"><span class='ocrx_word' id='word_1_118' title='bbox 423 1527 597 1575; x_wconf 87' lang='lat' dir='ltr'>auxilio</span> <span class='ocrx_word' id='word_1_119' title='bbox 648 1525 756 1573; x_wconf 91' lang='lat' dir='ltr'>ville</span> <span class='ocrx_word' id='word_1_120' title='bbox 809 1524 1030 1587; x_wconf 91' lang='lat' dir='ltr'>predicte,</span> <span class='ocrx_word' id='word_1_121' title='bbox 1070 1539 1147 1569; x_wconf 82' lang='lat' dir='ltr'>sex</span> <span class='ocrx_word' id='word_1_122' title='bbox 1193 1522 1407 1569; x_wconf 86' lang='lat' dir='ltr'>denarios</span> <span class='ocrx_word' id='word_1_123' title='bbox 1446 1522 1782 1587; x_wconf 86' lang='lat' dir='ltr'>sterlingorum</span> <span class='ocrx_word' id='word_1_124' title='bbox 1823 1523 2034 1569; x_wconf 89' lang='lat' dir='ltr'>annualis</span> 
     </span>
     <span class='ocr_line' id='line_1_18' title="bbox 424 1589 2032 1654; baseline -0.004 -12"><span class='ocrx_word' id='word_1_125' title='bbox 424 1595 637 1642; x_wconf 88' lang='lat' dir='ltr'>redditus</span> <span class='ocrx_word' id='word_1_126' title='bbox 660 1593 717 1640; x_wconf 90' lang='lat' dir='ltr'>ad</span> <span class='ocrx_word' id='word_1_127' title='bbox 745 1592 935 1638; x_wconf 89' lang='lat' dir='ltr'>Festum</span> <span class='ocrx_word' id='word_1_128' title='bbox 961 1589 1236 1636; x_wconf 87' lang='lat' dir='ltr'>Nativitatis</span> <span class='ocrx_word' id='word_1_129' title='bbox 1259 1589 1408 1636; x_wconf 85' lang='lat' dir='ltr'>Sancti</span> <span class='ocrx_word' id='word_1_130' title='bbox 1434 1590 1659 1650; x_wconf 88' lang='lat' dir='ltr'>Johannis</span> <span class='ocrx_word' id='word_1_131' title='bbox 1688 1590 1894 1654; x_wconf 89' lang='lat' dir='ltr'>Baptiste</span> <span class='ocrx_word' id='word_1_132' title='bbox 1916 1606 1928 1646; x_wconf 91' lang='grc'>;</span> <span class='ocrx_word' id='word_1_133' title='bbox 1966 1590 2032 1637; x_wconf 92' lang='lat' dir='ltr'>Et</span> 
     </span>
     <span class='ocr_line' id='line_1_19' title="bbox 422 1656 2031 1725; baseline -0.002 -17"><span class='ocrx_word' id='word_1_134' title='bbox 422 1663 486 1708; x_wconf 84' lang='lat' dir='ltr'>*si</span> <span class='ocrx_word' id='word_1_135' title='bbox 524 1661 787 1725; x_wconf 88' lang='lat' dir='ltr'>predictum</span> <span class='ocrx_word' id='word_1_136' title='bbox 822 1674 1031 1705; x_wconf 92' lang='lat' dir='ltr'>annuum</span> <span class='ocrx_word' id='word_1_137' title='bbox 1069 1657 1305 1703; x_wconf 88' lang='lat' dir='ltr'>redditum</span> <span class='ocrx_word' id='word_1_138' title='bbox 1343 1656 1464 1703; x_wconf 92' lang='lat' dir='ltr'>ultra</span> <span class='ocrx_word' id='word_1_139' title='bbox 1494 1657 1744 1704; x_wconf 88' lang='lat' dir='ltr'>terminum</span> <span class='ocrx_word' id='word_1_140' title='bbox 1770 1657 2031 1721; x_wconf 87' lang='lat' dir='ltr'>predictum</span> 
     </span>
     <span class='ocr_line' id='line_1_20' title="bbox 423 1723 2033 1792; baseline -0.004 -16"><span class='ocrx_word' id='word_1_141' title='bbox 423 1729 602 1792; x_wconf 90' lang='lat' dir='ltr'>aretr[0</span> <span class='ocrx_word' id='word_1_142' title='bbox 640 1726 764 1790; x_wconf 90' lang='lat' dir='ltr'>fore]</span> <span class='ocrx_word' id='word_1_143' title='bbox 809 1725 990 1772; x_wconf 88' lang='lat' dir='ltr'>licitum</span> <span class='ocrx_word' id='word_1_144' title='bbox 1037 1724 1097 1770; x_wconf 89' lang='lat' dir='ltr'>sit</span> <span class='ocrx_word' id='word_1_145' title='bbox 1147 1723 1320 1789; x_wconf 88' lang='lat' dir='ltr'>Majori</span> <span class='ocrx_word' id='word_1_146' title='bbox 1358 1735 1404 1770; x_wconf 92' lang='lat' dir='ltr'>et</span> <span class='ocrx_word' id='word_1_147' title='bbox 1441 1724 1778 1771; x_wconf 87' lang='lat' dir='ltr'>successoribus</span> <span class='ocrx_word' id='word_1_148' title='bbox 1818 1724 1912 1770; x_wconf 90' lang='lat' dir='ltr'>suis</span> <span class='ocrx_word' id='word_1_149' title='bbox 1951 1741 2033 1788; x_wconf 91' lang='lat' dir='ltr'>per</span> 
     </span>
     <span class='ocr_line' id='line_1_21' title="bbox 424 1791 2033 1855; baseline -0.003 -12"><span class='ocrx_word' id='word_1_150' title='bbox 424 1796 678 1843; x_wconf 89' lang='lat' dir='ltr'>servientes</span> <span class='ocrx_word' id='word_1_151' title='bbox 723 1810 831 1840; x_wconf 88' lang='lat' dir='ltr'>suos</span> <span class='ocrx_word' id='word_1_152' title='bbox 879 1791 1068 1838; x_wconf 89' lang='lat' dir='ltr'>nomine</span> <span class='ocrx_word' id='word_1_153' title='bbox 1116 1791 1237 1838; x_wconf 92' lang='lat' dir='ltr'>dicte</span> <span class='ocrx_word' id='word_1_154' title='bbox 1296 1791 1664 1838; x_wconf 87' lang='lat' dir='ltr'>Communitatis</span> <span class='ocrx_word' id='word_1_155' title='bbox 1722 1792 1768 1837; x_wconf 91' lang='lat' dir='ltr'>in</span> <span class='ocrx_word' id='word_1_156' title='bbox 1827 1791 2033 1855; x_wconf 88' lang='lat' dir='ltr'>predicta</span> 
     </span>
     <span class='ocr_line' id='line_1_22' title="bbox 422 1857 2034 1925; baseline -0.002 -15"><span class='ocrx_word' id='word_1_157' title='bbox 422 1875 545 1910; x_wconf 89' lang='lat' dir='ltr'>terra</span> <span class='ocrx_word' id='word_1_158' title='bbox 582 1861 876 1925; x_wconf 88' lang='lat' dir='ltr'>distringere,</span> <span class='ocrx_word' id='word_1_159' title='bbox 915 1870 961 1905; x_wconf 93' lang='lat' dir='ltr'>et</span> <span class='ocrx_word' id='word_1_160' title='bbox 998 1858 1316 1905; x_wconf 91' lang='lat' dir='ltr'>districciones</span> <span class='ocrx_word' id='word_1_161' title='bbox 1353 1857 1579 1905; x_wconf 92' lang='lat' dir='ltr'>abducere</span> <span class='ocrx_word' id='word_1_162' title='bbox 1617 1870 1663 1905; x_wconf 92' lang='lat' dir='ltr'>et</span> <span class='ocrx_word' id='word_1_163' title='bbox 1688 1859 1886 1906; x_wconf 90' lang='lat' dir='ltr'>retinere</span> <span class='ocrx_word' id='word_1_164' title='bbox 1914 1875 2034 1923; x_wconf 90' lang='lat' dir='ltr'>quo-</span> 
     </span>
     <span class='ocr_line' id='line_1_23' title="bbox 424 1924 2030 1995; baseline -0.003 -17"><span class='ocrx_word' id='word_1_165' title='bbox 424 1947 571 1995; x_wconf 90' lang='lat' dir='ltr'>usque</span> <span class='ocrx_word' id='word_1_166' title='bbox 596 1930 654 1976; x_wconf 90' lang='lat' dir='ltr'>de</span> <span class='ocrx_word' id='word_1_167' title='bbox 677 1926 895 1975; x_wconf 87' lang='lat' dir='ltr'>omnibus</span> <span class='ocrx_word' id='word_1_168' title='bbox 919 1925 1161 1989; x_wconf 86' lang='lat' dir='ltr'>arreragiis</span> <span class='ocrx_word' id='word_1_169' title='bbox 1186 1925 1382 1989; x_wconf 88' lang='lat' dir='ltr'>predicti</span> <span class='ocrx_word' id='word_1_170' title='bbox 1409 1926 1619 1972; x_wconf 90' lang='lat' dir='ltr'>redditus</span> <span class='ocrx_word' id='word_1_171' title='bbox 1652 1926 1854 1990; x_wconf 90' lang='lat' dir='ltr'>plenarie</span> <span class='ocrx_word' id='word_1_172' title='bbox 1890 1924 2030 1973; x_wconf 89' lang='lat' dir='ltr'>fuerit</span> 
     </span>
     <span class='ocr_line' id='line_1_24' title="bbox 422 1991 2031 2057; baseline -0.003 -12"><span class='ocrx_word' id='word_1_173' title='bbox 422 1996 711 2045; x_wconf 89' lang='lat' dir='ltr'>satisfactum</span> <span class='ocrx_word' id='word_1_174' title='bbox 735 2013 743 2041; x_wconf 92' lang='lat'>:</span> <span class='ocrx_word' id='word_1_175' title='bbox 782 1993 847 2041; x_wconf 91' lang='lat' dir='ltr'>Et</span> <span class='ocrx_word' id='word_1_176' title='bbox 867 1993 903 2039; x_wconf 90' lang='lat' dir='ltr'>si</span> <span class='ocrx_word' id='word_1_177' title='bbox 926 1993 1161 2057; x_wconf 90' lang='lat' dir='ltr'>predictus</span> <span class='ocrx_word' id='word_1_178' title='bbox 1185 1992 1394 2039; x_wconf 89' lang='lat' dir='ltr'>annualis</span> <span class='ocrx_word' id='word_1_179' title='bbox 1419 1992 1628 2039; x_wconf 87' lang='lat' dir='ltr'>redditus</span> <span class='ocrx_word' id='word_1_180' title='bbox 1651 2004 1804 2040; x_wconf 89' lang='lat' dir='ltr'>aretro</span> <span class='ocrx_word' id='word_1_181' title='bbox 1822 1991 1965 2040; x_wconf 87' lang='lat' dir='ltr'>fuerit</span> <span class='ocrx_word' id='word_1_182' title='bbox 1985 1993 2031 2040; x_wconf 90' lang='lat' dir='ltr'>in</span> 
     </span>
     <span class='ocr_line' id='line_1_25' title="bbox 424 2060 2032 2128; baseline -0.004 -16"><span class='ocrx_word' id='word_1_183' title='bbox 424 2076 554 2128; x_wconf 91' lang='lat' dir='ltr'>parte</span> <span class='ocrx_word' id='word_1_184' title='bbox 595 2063 669 2111; x_wconf 90' lang='lat' dir='ltr'>vel</span> <span class='ocrx_word' id='word_1_185' title='bbox 710 2063 756 2108; x_wconf 91' lang='lat' dir='ltr'>in</span> <span class='ocrx_word' id='word_1_186' title='bbox 798 2071 901 2107; x_wconf 93' lang='lat' dir='ltr'>toto</span> <span class='ocrx_word' id='word_1_187' title='bbox 942 2077 1024 2124; x_wconf 90' lang='lat' dir='ltr'>per</span> <span class='ocrx_word' id='word_1_188' title='bbox 1066 2076 1214 2106; x_wconf 89' lang='lat' dir='ltr'>unum</span> <span class='ocrx_word' id='word_1_189' title='bbox 1256 2077 1432 2106; x_wconf 91' lang='lat' dir='ltr'>annum</span> <span class='ocrx_word' id='word_1_190' title='bbox 1473 2071 1519 2107; x_wconf 93' lang='lat' dir='ltr'>et</span> <span class='ocrx_word' id='word_1_191' title='bbox 1562 2077 1714 2107; x_wconf 88' lang='lat' dir='ltr'>unum</span> <span class='ocrx_word' id='word_1_192' title='bbox 1751 2060 1876 2106; x_wconf 88' lang='lat' dir='ltr'>diem</span> <span class='ocrx_word' id='word_1_193' title='bbox 1912 2061 2032 2107; x_wconf 88' lang='lat' dir='ltr'>ultra</span> 
     </span>
     <span class='ocr_line' id='line_1_26' title="bbox 422 2126 2031 2192; baseline -0.004 -12"><span class='ocrx_word' id='word_1_194' title='bbox 422 2132 677 2179; x_wconf 89' lang='lat' dir='ltr'>terminum</span> <span class='ocrx_word' id='word_1_195' title='bbox 731 2138 1031 2192; x_wconf 90' lang='lat' dir='ltr'>prenotatum</span> <span class='ocrx_word' id='word_1_196' title='bbox 1083 2137 1194 2173; x_wconf 91' lang='lat' dir='ltr'>tunc</span> <span class='ocrx_word' id='word_1_197' title='bbox 1247 2126 1430 2174; x_wconf 90' lang='lat' dir='ltr'>licitum</span> <span class='ocrx_word' id='word_1_198' title='bbox 1483 2127 1542 2173; x_wconf 87' lang='lat' dir='ltr'>sit</span> <span class='ocrx_word' id='word_1_199' title='bbox 1588 2127 1725 2174; x_wconf 90' lang='lat' dir='ltr'>dictis</span> <span class='ocrx_word' id='word_1_200' title='bbox 1769 2127 1943 2192; x_wconf 88' lang='lat' dir='ltr'>Majori</span> <span class='ocrx_word' id='word_1_201' title='bbox 1985 2138 2031 2174; x_wconf 91' lang='lat' dir='ltr'>et</span> 
     </span>
     <span class='ocr_line' id='line_1_27' title="bbox 424 2193 2030 2258; baseline -0.004 -11"><span class='ocrx_word' id='word_1_202' title='bbox 424 2196 781 2253; x_wconf 90' lang='lat' dir='ltr'>Communitati,</span> <span class='ocrx_word' id='word_1_203' title='bbox 820 2205 866 2241; x_wconf 92' lang='lat' dir='ltr'>et</span> <span class='ocrx_word' id='word_1_204' title='bbox 903 2210 1066 2240; x_wconf 91' lang='lat' dir='ltr'>eorum</span> <span class='ocrx_word' id='word_1_205' title='bbox 1105 2193 1459 2251; x_wconf 87' lang='lat' dir='ltr'>successoribus,</span> <span class='ocrx_word' id='word_1_206' title='bbox 1500 2195 1545 2240; x_wconf 90' lang='lat' dir='ltr'>in</span> <span class='ocrx_word' id='word_1_207' title='bbox 1579 2195 1833 2258; x_wconf 91' lang='lat' dir='ltr'>predictam</span> <span class='ocrx_word' id='word_1_208' title='bbox 1859 2206 2030 2241; x_wconf 89' lang='lat' dir='ltr'>terram</span> 
     </span>
     <span class='ocr_line' id='line_1_28' title="bbox 424 2261 2029 2328; baseline -0.004 -14"><span class='ocrx_word' id='word_1_209' title='bbox 424 2284 531 2314; x_wconf 89' lang='lat' dir='ltr'>cum</span> <span class='ocrx_word' id='word_1_210' title='bbox 556 2266 651 2312; x_wconf 90' lang='lat' dir='ltr'>suis</span> <span class='ocrx_word' id='word_1_211' title='bbox 676 2261 987 2328; x_wconf 90' lang='lat' dir='ltr'>pertinenciis,</span> <span class='ocrx_word' id='word_1_212' title='bbox 1013 2261 1059 2307; x_wconf 92' lang='lat' dir='ltr'>in</span> <span class='ocrx_word' id='word_1_213' title='bbox 1086 2278 1495 2325; x_wconf 90' lang='lat' dir='ltr'>quorumcumque</span> <span class='ocrx_word' id='word_1_214' title='bbox 1520 2278 1684 2308; x_wconf 90' lang='lat' dir='ltr'>manus</span> <span class='ocrx_word' id='word_1_215' title='bbox 1722 2262 2029 2325; x_wconf 88' lang='lat' dir='ltr'>imposterum</span> 
     </span>
     <span class='ocr_line' id='line_1_29' title="bbox 423 2328 2029 2392; baseline -0.004 -11"><span class='ocrx_word' id='word_1_216' title='bbox 423 2333 677 2389; x_wconf 90' lang='lat' dir='ltr'>devenerit,</span> <span class='ocrx_word' id='word_1_217' title='bbox 737 2329 959 2376; x_wconf 89' lang='lat' dir='ltr'>reintrare</span> <span class='ocrx_word' id='word_1_218' title='bbox 1009 2328 1214 2374; x_wconf 90' lang='lat' dir='ltr'>reseisire</span> <span class='ocrx_word' id='word_1_219' title='bbox 1266 2339 1312 2375; x_wconf 93' lang='lat' dir='ltr'>et</span> <span class='ocrx_word' id='word_1_220' title='bbox 1366 2328 1412 2374; x_wconf 94' lang='lat' dir='ltr'>in</span> <span class='ocrx_word' id='word_1_221' title='bbox 1471 2339 1595 2375; x_wconf 89' lang='lat' dir='ltr'>statu</span> <span class='ocrx_word' id='word_1_222' title='bbox 1650 2328 1847 2392; x_wconf 87' lang='lat' dir='ltr'>pristino</span> <span class='ocrx_word' id='word_1_223' title='bbox 1905 2328 2029 2375; x_wconf 89' lang='lat' dir='ltr'>illam</span> 
     </span>
     <span class='ocr_line' id='line_1_30' title="bbox 424 2394 2031 2461; baseline -0.004 -13"><span class='ocrx_word' id='word_1_224' title='bbox 424 2401 622 2448; x_wconf 88' lang='lat' dir='ltr'>retinere</span> <span class='ocrx_word' id='word_1_225' title='bbox 659 2399 1026 2461; x_wconf 86' lang='lat' dir='ltr'>imperpetuum,</span> <span class='ocrx_word' id='word_1_226' title='bbox 1065 2394 1238 2458; x_wconf 89' lang='lat' dir='ltr'>absque</span> <span class='ocrx_word' id='word_1_227' title='bbox 1280 2395 1618 2458; x_wconf 87' lang='lat' dir='ltr'>impedimento</span> <span class='ocrx_word' id='word_1_228' title='bbox 1656 2396 1728 2442; x_wconf 93' lang='lat' dir='ltr'>vel</span> <span class='ocrx_word' id='word_1_229' title='bbox 1768 2395 2031 2458; x_wconf 89' lang='lat' dir='ltr'>calumpnia</span> 
     </span>
     <span class='ocr_line' id='line_1_31' title="bbox 424 2461 2029 2532; baseline -0.004 -17"><span class='ocrx_word' id='word_1_230' title='bbox 424 2468 745 2532; x_wconf 88' lang='lat' dir='ltr'>predictorum</span> <span class='ocrx_word' id='word_1_231' title='bbox 783 2463 970 2509; x_wconf 89' lang='lat' dir='ltr'>Thome</span> <span class='ocrx_word' id='word_1_232' title='bbox 1009 2473 1054 2508; x_wconf 92' lang='lat' dir='ltr'>et</span> <span class='ocrx_word' id='word_1_233' title='bbox 1095 2461 1299 2518; x_wconf 90' lang='lat' dir='ltr'>Isabelle,</span> <span class='ocrx_word' id='word_1_234' title='bbox 1342 2463 1565 2509; x_wconf 88' lang='lat' dir='ltr'>heredum</span> <span class='ocrx_word' id='word_1_235' title='bbox 1605 2474 1649 2509; x_wconf 91' lang='lat' dir='ltr'>et</span> <span class='ocrx_word' id='word_1_236' title='bbox 1691 2463 2029 2527; x_wconf 87' lang='lat' dir='ltr'>assignatorum</span> 
     </span>
     <span class='ocr_line' id='line_1_32' title="bbox 424 2529 2031 2599; baseline -0.004 -17"><span class='ocrx_word' id='word_1_237' title='bbox 424 2535 566 2599; x_wconf 90' lang='lat' dir='ltr'>ipsius</span> <span class='ocrx_word' id='word_1_238' title='bbox 607 2533 824 2580; x_wconf 89' lang='lat' dir='ltr'>Thome:</span> <span class='ocrx_word' id='word_1_239' title='bbox 881 2529 945 2576; x_wconf 90' lang='lat' dir='ltr'>Et</span> <span class='ocrx_word' id='word_1_240' title='bbox 999 2529 1234 2592; x_wconf 88' lang='lat' dir='ltr'>predictus</span> <span class='ocrx_word' id='word_1_241' title='bbox 1278 2529 1436 2594; x_wconf 84' lang='lat' dir='ltr'>Major</span> <span class='ocrx_word' id='word_1_242' title='bbox 1476 2541 1520 2577; x_wconf 91' lang='lat' dir='ltr'>et</span> <span class='ocrx_word' id='word_1_243' title='bbox 1563 2541 1661 2576; x_wconf 88' lang='lat' dir='ltr'>tota</span> <span class='ocrx_word' id='word_1_244' title='bbox 1703 2529 2031 2577; x_wconf 85' lang='lat' dir='ltr'>Communitas</span> 
     </span>
     <span class='ocr_line' id='line_1_33' title="bbox 425 2596 2032 2667; baseline -0.004 -18"><span class='ocrx_word' id='word_1_245' title='bbox 425 2602 631 2667; x_wconf 85' lang='lat' dir='ltr'>predicta</span> <span class='ocrx_word' id='word_1_246' title='bbox 688 2611 732 2646; x_wconf 94' lang='lat' dir='ltr'>et</span> <span class='ocrx_word' id='word_1_247' title='bbox 786 2613 1068 2644; x_wconf 87' lang='lat' dir='ltr'>successores</span> <span class='ocrx_word' id='word_1_248' title='bbox 1121 2596 1187 2642; x_wconf 87' lang='lat' dir='ltr'>sui</span> <span class='ocrx_word' id='word_1_249' title='bbox 1244 2597 1496 2659; x_wconf 84' lang='lat' dir='ltr'>predictam</span> <span class='ocrx_word' id='word_1_250' title='bbox 1551 2608 1719 2644; x_wconf 85' lang='lat' dir='ltr'>terram</span> <span class='ocrx_word' id='word_1_251' title='bbox 1774 2614 1877 2643; x_wconf 86' lang='lat' dir='ltr'>cum</span> <span class='ocrx_word' id='word_1_252' title='bbox 1939 2597 2032 2643; x_wconf 90' lang='lat' dir='ltr'>suis</span> 
     </span>
    </p>
   </div>
   <div class='ocr_carea' id='block_1_4' title="bbox 2150 1258 2180 1699">
    <p class='ocr_par' dir='ltr' id='par_1_4' title="bbox 2150 1258 2180 1699">
     <span class='ocr_line' id='line_1_34' title="bbox 2150 1258 2180 1699; textangle 90"><span class='ocrx_word' id='word_1_253' title='bbox 2158 1669 2170 1699; x_wconf 66' lang='lat'>*⁸</span> <span class='ocrx_word' id='word_1_254' title='bbox 2150 1384 2177 1647; x_wconf 42' lang='grc' dir='ltr'>(αμῧγῃμῡδν</span> <span class='ocrx_word' id='word_1_255' title='bbox 2163 1354 2175 1365; x_wconf 70' lang='lat' dir='ltr'>t</span> <span class='ocrx_word' id='word_1_256' title='bbox 2164 1286 2171 1307; x_wconf 70' lang='lat'>⁸&gt;</span> <span class='ocrx_word' id='word_1_257' title='bbox 2172 1258 2180 1264; x_wconf 77' lang='grc'><em>,</em></span> 
     </span>
    </p>
   </div>
  </div>
 </body>
</html>
