2181 3155
383 230 477 276 314
861 211 1099 260 DOVER
1137 209 1509 259 CHARTERS

380 348 602 412 personis,
642 365 728 411 pro
764 364 812 394 se
849 357 929 393 aut
969 346 1078 409 ipsis
1106 345 1221 391 bene
1249 344 1455 409 gerend‘‚
1478 343 1576 391 sive
1600 343 1808 408 gerend’‚
1833 358 1987 389 coram

382 415 528 474 nobiS‚
554 426 633 462 aut
658 415 815 479 aliquo
839 414 1199 478 progenitorum
1228 424 1510 467 nostrorum,
1537 411 1608 457 vel
1633 411 1681 457 in
1707 409 1990 458 Cancellaria

381 494 551 539 nostra,
590 483 660 528 vel
700 482 890 546 alicujus
928 481 1284 544 progenitorum
1326 490 1610 535 nostrorum,
1643 477 1714 524 vel
1752 478 1799 524 in
1836 476 1989 540 aliqua

381 551 505 596 curia
544 561 714 606 nostra,
758 550 829 596 vel
867 547 1063 612 alicujus
1102 547 1459 610 progenitorum
1504 557 1788 602 nostrorum,
1831 560 1987 590 coram

380 616 614 680 aliquibus
639 615 916 663 cancellariis
943 615 1012 660 vel
1032 614 1304 679 justiciariis
1342 613 1413 659 vel
1451 612 1778 658 commissariis
1803 610 1988 667 nostris,

382 683 453 730 vel
489 684 685 748 alicujus
722 682 1079 747 progenitorum
1119 692 1405 736 nostrorum,
1441 679 1537 725 sive
1573 695 1728 725 coram
1771 678 1903 724 nobis
1942 689 1988 725 et

382 751 575 798 consilio
622 761 799 806 nostro,
865 749 936 795 vel
984 748 1180 813 alicujus
1218 747 1577 811 progenitorum
1627 757 1896 792 nostrorum
1942 758 1988 792 et

382 818 577 865 consilio
635 834 736 874 suo,
795 827 876 863 aut
926 832 1080 862 coram
1135 815 1330 862 consilio
1381 814 1578 878 alicujus
1630 813 1988 876 progenitorum

383 896 671 940 nostrorum,
696 883 770 931 vel
796 900 950 930 coram
976 883 1075 929 aliis
1116 882 1190 928 vel
1227 881 1462 946 aliquibus
1486 881 1543 927 de
1568 880 1761 926 consilio
1795 878 1992 944 alicujus

383 953 740 1016 progenitorum
791 961 1075 1006 nostrorum,
1122 950 1219 995 sive
1278 948 1539 995 consiliario
1596 959 1676 994 aut
1724 945 1991 993 consiliariis

381 1019 576 1084 alicujus
601 1018 960 1082 progenitorum
988 1028 1260 1063 nostrorum
1284 1035 1292 1062 :
1332 1015 1548 1061 Aceciam
1586 1014 1744 1061 omnia
1767 1025 1813 1060 et
1837 1013 1993 1060 omni-

383 1087 522 1133 moda
561 1085 674 1132 fines
712 1086 864 1132 exitus
900 1096 946 1131 et
971 1084 1325 1130 amerciamenta
1349 1099 1489 1146 penas
1511 1082 1668 1128 debita
1697 1080 1924 1128 demanda
1946 1091 1992 1127 et

382 1153 623 1217 deperdita
648 1169 948 1217 quecumque
973 1168 1054 1214 per
1078 1151 1202 1214 ipsos
1235 1150 1486 1215 Majorem,
1513 1149 1763 1205 Ballivum‚
1781 1160 1828 1194 et
1847 1148 1993 1194 Com-

384 1221 665 1268 munitatem
718 1220 764 1266 in
815 1219 1192 1283 quibuscumque
1242 1218 1383 1264 curiis
1434 1216 1618 1273 nostris,
1668 1232 1748 1262 seu
1799 1214 1994 1279 alicujus

383 1288 741 1352 progenitorum
791 1298 1076 1342 nostrorum,
1124 1302 1202 1332 seu
1251 1284 1358 1331 alibi
1405 1284 1564 1347 aliquo
1611 1283 1770 1338 modo,
1817 1283 1993 1329 ratione

384 1356 735 1419 premissorum,
761 1353 858 1400 sive
881 1370 1046 1400 eorum
1077 1352 1288 1417 alicujus,
1328 1349 1564 1398 forisfacta
1601 1350 1863 1415 adjudicata
1899 1349 1995 1395 sive

385 1439 478 1468 non
495 1422 758 1487 adjudicata
780 1440 788 1467 ε
829 1421 1027 1467 Necnon
1047 1419 1342 1466 omnimodas
1361 1418 1574 1475 offensas,
1593 1416 1993 1481 transgressiones,

385 1487 716 1545 forisfacturaS,
741 1489 982 1551 deperdita
1006 1498 1168 1533 contra
1193 1485 1394 1532 formam
1412 1500 1827 1549 quorumcumque
1846 1495 1995 1530 statu—

383 1568 545 1603 torum
570 1567 615 1602 et
642 1555 968 1618 provisionum
994 1555 1051 1601 de
1068 1554 1188 1619 jocis
1212 1554 1337 1600 ludis
1362 1552 1532 1599 illicitis
1555 1564 1600 1598 et
1627 1550 1889 1615 prohibiti8‚
1915 1567 1995 1614 per

386 1625 508 1687 ipsos
546 1623 797 1687 Majorem,
837 1623 1090 1679 Ballivum‚
1113 1632 1158 1667 et
1195 1620 1615 1676 Communitatem,
1652 1630 1757 1666 ante
1792 1617 1994 1665 eundem

385 1692 509 1738 diem
536 1690 712 1736 habitas
736 1688 877 1736 factas
900 1689 996 1736 sive
1013 1699 1296 1752 perpetratas
1318 1706 1327 1734 t
1367 1689 1443 1733 Ac
1474 1703 1689 1733 {NSUPER
1719 1684 1997 1749 perdonavi-

387 1775 506 1815 muS,
532 1758 812 1812 remisimus,
831 1768 876 1802 et
898 1755 1220 1812 relaxavimus,
1240 1772 1290 1801 ac
1309 1771 1390 1818 per
1409 1764 1644 1818 presentes
1667 1753 1994 1816 perdonamus»,

386 1825 687 1881 remittimus,
713 1835 759 1870 et
784 1824 1057 1880 relaxamus,
1082 1822 1255 1869 eisdem
1298 1821 1490 1886 Majori,
1530 1820 1725 1876 Ballivo,
1767 1831 1813 1866 et
1851 1819 1996 1866 Com—

388 1892 608 1939 munitati
658 1891 953 1938 omnimodas
1003 1889 1250 1954 utlagarias
1298 1904 1620 1952 quascumque
1670 1903 1830 1934 versus
1875 1887 1997 1950 ipsos

391 1959 640 2024 Majorem,
667 1958 918 2015 Ballivum‚
943 1968 988 2004 et
1014 1957 1417 2004 Communitatem
1443 1956 1619 2002 ratione
1642 1954 1738 2000 sive
1763 1953 1996 2000 occasione

387 2026 738 2089 premissorum,
774 2042 855 2072 seu
894 2041 1060 2071 eorum
1095 2024 1307 2088 alicujus,
1348 2034 1429 2070 aut
1470 2021 1666 2087 alicujus
1695 2021 1885 2068 alterius
1932 2018 1995 2067 rei

387 2110 521 2140 cause
551 2092 623 2139 vel
644 2092 834 2139 materie
853 2091 1210 2156 cujuscumque,
1231 2102 1325 2137 tam
1345 2091 1401 2137 ad
1421 2101 1591 2136 sectam
1614 2100 1835 2144 nostram,
1855 2103 1994 2152 quam

387 2160 443 2207 ad
468 2171 638 2206 sectam
673 2159 886 2224 alicujuS,
919 2175 1000 2205 seu
1031 2158 1298 2222 aliquorum
1327 2157 1685 2221 progenitorum
1713 2167 1996 2211 nostrorum,

388 2244 468 2274 seu
494 2226 705 2291 alicujus,
746 2227 842 2272 sive
880 2226 1149 2289 aliquorum
1188 2225 1388 2271 aliorum
1426 2239 1856 2287 quorumcumque,
1894 2232 1998 2268 ante

389 2294 652 2358 predictum
678 2294 801 2340 diem
829 2292 1145 2356 promulgatas
1166 2307 1179 2347 ;
1213 2292 1277 2338 Et
1297 2292 1477 2338 firmam
1499 2307 1655 2354 pacem
1684 2302 1888 2336 nostram
1912 2288 1998 2335 eis·

389 2362 496 2408 dem
527 2360 718 2425 Majori,
745 2359 925 2416 Ballivi,
963 2370 1008 2405 et
1048 2358 1392 2406 Communitati
1432 2357 1539 2405 inde
1577 2357 1893 2413 concedimus,
1932 2354 1999 2401 lta

390 2440 545 2475 tamen
577 2428 706 2491 quod
738 2439 861 2473 stent
901 2438 1026 2473 recto
1065 2426 1111 2472 in
1151 2426 1280 2472 curia
1319 2437 1475 2472 nostra
1511 2426 1546 2470 si
1587 2424 1694 2488 quis
1723 2439 1884 2471 versus
1922 2436 2000 2469 eos

392 2496 500 2542 inde
525 2494 654 2558 loqui
700 2494 930 2540 voluerit:
973 2495 1043 2539 Ac
1085 2493 1378 2540 omnimodas
1419 2491 1732 2539 forisfacturas
1772 2505 2000 2554 quorum-

395 2579 599 2625 cumque
625 2561 858 2608 bonorum
889 2572 932 2607 et
954 2560 1224 2606 catallorum
1246 2561 1458 2606 exituum
1480 2571 1524 2605 et
1547 2558 1864 2621 proficuorum
1918 2571 2001 2603 uo-

395 2645 708 2692 rumcumque
734 2640 979 2684 terrarum,
1004 2639 1380 2674 tenementorum
1408 2627 1584 2673 ratione
1619 2625 1840 2688 utlagarie
1878 2623 1890 2670 i
1914 2623 2002 2670 lius

396 2697 491 2742 sive
519 2695 851 2759 utlagariarum
879 2695 1060 2741 illarum
1088 2694 1236 2749 nobiS,
1256 2711 1334 2740 seu
1362 2693 1496 2740 alicui
1519 2692 1873 2755 progenitorum
1900 2704 2003 2736 nos-

399 2776 600 2821 trorum,
626 2775 729 2808 ante
755 2763 957 2809 eundem
977 2762 1100 2808 diem
1123 2760 1381 2807 forisfactas
1405 2780 1411 2806 :
1455 2761 1515 2807 Et
1536 2760 1694 2806 eadem
1714 2758 1868 2806 omnia
1888 2757 2002 2803 bona
