2181 3155
416 209 509 268 378
894 205 1128 254 DovER
1161 204 1527 253 CHARTERS

1151 338 1197 390 C
1214 337 1290 391 X.

757 456 771 499 i
800 455 1109 509 Septembris,
1142 465 1163 498 1
1193 454 1240 498 ἀ
1261 462 1288 497 2
1318 453 1437 497 PhiL
1469 458 1518 498 et
1549 454 1671 498 Mar.

416 559 536 608 Hac
573 560 826 608 indentura
860 571 1058 608 testatur
1082 559 1212 624 quod
1236 560 1451 606 Thomas
1480 558 1699 624 ffynnett,
1725 557 1887 623 Major
1908 556 2018 605 ville
2095 548 2101 600 ἶ

415 638 462 673 et
497 627 674 674 Portus
702 628 927 686 Dovorie,
954 627 1000 674 in
1038 627 1283 674 Comitatu
1309 627 1496 684 Kancie‚
1523 627 1760 688 Johannes
1795 623 2018 683 Marbull,
2098 655 2101 663 ·

416 694 651 757 Johannes
688 695 905 751 Robines‚
947 694 1216 740 Willelmus
1257 693 1461 756 Geylles,
1503 705 1549 740 et
1593 692 1826 739 Robertus
1864 690 2018 751 Seller,

418 761 653 809 Custodes
676 762 799 808 dicte
824 762 948 818 ville,
974 761 1000 786 *
1017 778 1107 807 una
1125 761 1334 807 animum
1355 777 1538 806 assensu
1558 771 1604 806 et
1624 776 1851 806 consensu
1876 759 2020 806 totius
2100 787 2120 821 J

417 828 786 875 Communitatis
820 828 1030 893 ejusdem
1062 828 1172 874 ville
1205 827 1501 874 tradiderunt
1537 836 1860 874 concesserunt
1887 837 1934 873 et
1964 825 2020 874 ad

415 895 571 943 *fiodi
607 896 789 942 firmam
825 895 1153 942 *demiserunt
1195 894 1448 941 Valentino
1486 894 1696 957 Uptone,
1735 893 1793 940 de
1827 892 1939 940 villa
1974 902 2021 941 et
2099 882 2104 917 :

416 973 559 1026 portu
611 962 824 1010 Dovorie
876 963 1096 1026 predicte,
1150 978 1362 1024 yeoman,
1423 978 1570 1008 unum
1612 961 1862 1025 gardinum
1915 976 2021 1008 cum
2101 968 2103 972 ’

416 1029 633 1076 omnibus
680 1030 980 1092 pertinenciis
1032 1029 1351 1076 continentem
1397 1028 1444 1074 in
1491 1027 1790 1093 longitudine
1836 1028 2022 1074 alevene
2099 1028 2104 1072 Ξ

416 1096 609 1159 tayllors
645 1097 809 1160 yardes
841 1096 931 1143 and
960 1114 984 1143 a
1020 1095 1175 1154 hallfe,
1201 1107 1248 1142 et
1284 1097 1330 1142 in
1360 1095 1608 1142 latitudine
1636 1111 1799 1142 versus
1831 1093 2021 1159 Regiam

415 1174 608 1210 stratam
655 1181 740 1229 syx
788 1164 951 1226 yardes
997 1163 1088 1210 and
1135 1181 1160 1209 a
1197 1162 1349 1219 hallfe,
1399 1173 1445 1209 et
1493 1162 1701 1209 allteram
1739 1173 1919 1226 partem
1964 1160 2022 1209 ad
2100 1173 2105 1214 ζ

417 1230 571 1278 buttat
607 1232 665 1278 ad
700 1242 843 1278 terras
878 1230 1073 1294 predicti
1111 1230 1350 1277 Valentini
1377 1229 1577 1293 Uptone
1601 1229 1886 1276 *continent
1914 1227 2022 1291 fyve
2101 1239 2106 1290 ξ

415 1298 607 1361 tayllors
643 1298 806 1361 yardes
841 1298 932 1345 and
968 1315 992 1344 a
1027 1296 1183 1355 hallfe,
1224 1297 1457 1362 jacentem
1507 1307 1554 1343 et
1593 1297 1868 1343 existentem
1903 1293 2022 1343 infra
2101 1316 2106 1335 ι

415 1364 676 1412 libertatem
723 1365 833 1413 ville
879 1376 926 1412 et
974 1376 1139 1428 portus
1187 1364 1398 1411 Dovorie
1445 1363 1651 1426 predicte
1698 1363 1744 1409 in
1785 1362 1827 1409 le
1875 1361 2020 1409 Ward

416 1443 579 1478 vocata
616 1470 626 1480 .
667 1469 677 1479 .
718 1470 726 1479 .
764 1432 930 1489 warde,
958 1432 1081 1478 inter
1116 1443 1287 1478 terram
1324 1431 1520 1494 predicti
1558 1430 1791 1476 Valentini
1829 1429 2022 1492 Uptone

414 1515 576 1546 versus
610 1500 866 1556 northeast‚
892 1509 938 1546 et
974 1515 1274 1545 communem
1307 1498 1535 1544 venellam
1567 1513 1727 1544 versus
1762 1497 2021 1553 sowtheast‚

415 1576 460 1612 et
504 1566 699 1631 Regiam
728 1577 921 1613 stratam
957 1583 1120 1614 versus
1155 1566 1489 1621 sowtheweast,
1527 1575 1572 1611 et
1596 1564 1760 1611 *terre
1785 1562 2023 1627 hospitalis

415 1633 566 1679 Sancti
636 1633 958 1680 Barthilomeu
1026 1649 1192 1680 versus
1262 1633 1586 1688 northeweast,
1646 1630 1892 1678 HABEND’
1966 1646 2023 1677 ετ

416 1700 634 1747 TENEND'
683 1701 948 1763 predictum
995 1700 1248 1764 gardinum
1295 1716 1402 1746 curn
1455 1698 1673 1745 omnibus
1730 1697 2024 1762 pertinenciis
2104 1730 2109 1739 .

417 1766 598 1830 prefato
639 1767 893 1814 Valentino
930 1767 1127 1830 Uptone
1162 1767 1318 1813 hered’
1351 1777 1396 1812 et
1433 1766 1650 1829 assignat‘
1683 1765 1835 1812 *suos
1858 1781 1883 1810 a
1907 1763 2025 1812 festo

415 1833 567 1880 Sancti
611 1835 859 1881 Michaelis
894 1834 1202 1898 Archeangeli
1245 1833 1462 1897 proximo
1507 1832 1670 1879 futuro
1718 1843 1824 1896 post
1869 1831 2021 1879 datam

418 1901 703 1964 presentium
746 1902 804 1948 de
841 1918 964 1947 anno
1005 1901 1051 1947 in
1093 1918 1267 1947 annum
1311 1917 1407 1947 uno
1444 1911 1551 1963 post
1592 1900 1733 1946 alium
1777 1915 1922 1963 usque
1967 1897 2023 1946 ad

418 1968 558 2014 finem
595 1979 641 2014 et
681 1969 936 2015 terminum
969 1967 1173 2014 lxxxxix.
1212 1984 1443 2013 annorum
1482 1978 1651 2013 extunc
1699 1966 2022 2029 proximorum

417 2035 713 2098 sequentium
749 2047 795 2082 et
832 2035 1035 2098 plenarie
1071 2035 1370 2098 complend‘;
1408 2033 1601 2080 faciend’
1639 2033 1746 2079 inde
1781 2032 2021 2080 servitium

417 2101 719 2148 dominorum
769 2113 1037 2149 nostrorum
1099 2102 1238 2166 Regis
1291 2112 1337 2148 et
1387 2101 1562 2164 Regine
1609 2100 1865 2147 secundum
1913 2116 2023 2146 con-

418 2169 718 2216 suetudinem
742 2169 854 2216 ville
878 2181 923 2217 et
949 2179 1112 2232 portus
1139 2169 1350 2215 Dovorie
1371 2168 1575 2230 predicte
1595 2184 1702 2214 cum
1722 2167 1747 2191 ⁴*
1763 2166 1990 2214 accideret
2010 2182 2021 2213 :

417 2252 468 2282 ac
513 2235 654 2282 etiam
702 2236 891 2282 redend'
938 2247 983 2282 et
1042 2234 1253 2282 solvend’
1303 2235 1410 2281 inde
1469 2234 1707 2281 annuatim
1759 2233 1932 2298 Majori
1978 2243 2023 2280 et

420 2302 706 2350 Custodibus
725 2303 845 2349 dicte
864 2302 973 2350 ville
993 2303 1073 2366 qui
1096 2314 1207 2348 tunc
1234 2319 1319 2365 pro
1344 2312 1554 2364 tempore
1579 2302 1603 2326 ⁴*
1621 2300 1809 2347 fuerunt
1836 2301 1881 2346 in
1907 2298 2026 2347 festo

421 2370 771 2433 Assumptionis
787 2370 812 2394 *
824 2370 941 2416 beat’
964 2369 1114 2415 Maria
1131 2369 1339 2433 Virginis
1354 2380 1462 2415 octo
1477 2369 1502 2393 ¹*
1518 2368 1723 2416 dinarios
1739 2385 1824 2431 pro
1841 2365 2022 2415 annuali

420 2436 589 2495 reditu,
615 2448 660 2483 et
685 2437 721 2482 si
753 2437 993 2500 contingat
1018 2436 1279 2499 predictum
1304 2436 1549 2482 annualem
1575 2435 1812 2481 redditum
1837 2434 1896 2481 de
1919 2444 2026 2481 octo

419 2503 624 2550 dinarios
653 2504 710 2550 ad
736 2502 910 2550 festum
943 2503 1037 2550 vell
1070 2503 1326 2550 terminum
1352 2519 1451 2566 quo
1474 2503 1592 2549 solvi
1618 2501 1782 2548 debeat
1810 2501 2026 2548 'aretero

422 2570 519 2617 fore
557 2570 603 2616 in
644 2581 770 2634 parte
808 2570 902 2617 vell
946 2571 991 2616 in
1034 2581 1138 2617 toto
1185 2571 1306 2616 ultra
1346 2569 1600 2616 terminum
1643 2568 1904 2632 predictum
1946 2583 2026 2631 per

419 2637 621 2699 spatium
663 2637 932 2701 quindecim
975 2637 1174 2694 dierum,
1218 2649 1328 2683 tunc
1368 2636 1549 2683 licitum
1579 2635 1715 2682 *erat
1757 2634 1932 2699 Majori
1978 2644 2023 2681 et

422 2704 711 2750 custodibus
738 2705 845 2750 ville
872 2704 1092 2768 predicte,
1119 2705 1198 2768 qui
1226 2716 1338 2750 tunc
1365 2721 1450 2767 pro
1475 2715 1686 2765 tempore
1705 2703 1729 2725 ⁸
1748 2701 1953 2757 fuerunt,
1978 2701 2022 2747 in

423 2771 683 2834 predictum
715 2772 966 2835 gardinum
1002 2788 1109 2818 cum
1135 2770 1353 2818 omnibus
1379 2769 1692 2835 pertinenciiS,
1717 2769 1772 2815 ad
1802 2784 2024 2833 quarum-
