2181 3155
327 197 426 243 410
807 181 1042 229 DOVER
1077 180 1445 229 CHARTERS

998 381 1042 432 C
1060 381 1118 430 X
1137 381 1194 430 X
1214 380 1256 433 1.

814 508 885 538 xx
912 495 1059 548 Junii,
1090 507 1216 539 anno
1243 505 1271 548 4
1300 495 1420 538 Eliz.

329 605 450 654 HEc
507 606 759 654 indentura
816 617 1014 654 testatur
1070 606 1201 672 quod
1263 604 1535 653 Willelmus
1586 605 1937 670 Hannyngton,

331 673 491 739 Major
525 674 636 721 ville
672 685 719 721 et
754 685 920 738 portus
943 675 1123 731 Dovor,
1163 673 1211 721 in
1235 673 1464 720 comitatu
1498 673 1688 732 Kancie,
1726 673 1939 720 Thomas

329 740 532 798 Painter,
568 741 802 801 Johannes
838 741 1062 804 Hobday,
1104 741 1343 788 Robertus
1378 740 1592 796 Nicham,
1637 751 1685 788 et
1725 739 1938 787 Christo-

329 806 454 855 ferus
501 807 669 868 Eliott,
713 808 948 857 Custodes
993 809 1117 857 dicte
1162 808 1286 867 ville,
1329 825 1420 854 una
1466 807 1705 854 communi
1750 823 1936 855 assensu

327 885 374 922 et
409 891 636 922 consensu
671 875 820 923 totius
855 875 1223 923 Communitatis
1256 875 1467 938 ejusdem
1502 874 1611 922 ville
1645 874 1937 923 tradiderunt

329 953 654 990 concesserunt
677 953 725 989 et
749 943 806 990 ad
830 941 957 990 feodi
983 943 1161 990 firmam
1195 942 1476 990 dimiserunt
1499 943 1690 989 Thome
1717 942 1936 998 DawkeS,

328 1010 387 1056 de
433 1009 546 1057 villa
581 1020 627 1056 et
665 1021 806 1073 portu
845 1011 1014 1057 Dovor
1051 1010 1270 1074 predicte,
1311 1010 1520 1074 yomoni‚
1563 1027 1702 1056 unam
1742 1025 1935 1056 vacuam

330 1076 533 1139 placeam
558 1087 680 1123 terre
716 1094 821 1124 cum
847 1077 1067 1124 omnibus
1089 1077 1183 1124 suis
1208 1077 1507 1142 pertinenciis
1542 1076 1862 1124 continentem
1887 1075 1935 1122 in

327 1143 622 1208 longitudine
646 1144 854 1208 quinque
879 1157 1022 1192 metas
1046 1145 1182 1193 rodas
1205 1156 1339 1203 terre,
1365 1156 1412 1191 et
1447 1143 1494 1190 in
1519 1143 1766 1192 latitudine
1789 1159 1937 1207 usque

328 1211 385 1257 ad
409 1211 562 1259 altum
588 1228 724 1268 mare,
745 1211 978 1276 jacentem
1007 1223 1054 1259 et
1077 1213 1351 1259 existentem
1387 1210 1509 1258 infra
1530 1212 1794 1258 libertatem
1830 1210 1938 1257 ville

328 1289 374 1324 et
421 1289 584 1341 portus
632 1279 801 1327 Dovor
841 1280 1062 1342 predicte,
1096 1280 1216 1327 inter
1253 1290 1424 1326 terram
1466 1278 1588 1326 dicte
1628 1277 1752 1336 ville,
1793 1277 1939 1325 modo

329 1345 375 1391 in
400 1345 709 1409 occupacione
733 1345 961 1393 Willelmi
988 1347 1176 1403 Lomas,
1202 1363 1349 1411 usque
1372 1346 1629 1393 southwest
1651 1361 1663 1403 ;
1699 1356 1746 1393 et
1763 1355 1936 1392 terram

328 1411 437 1458 ville
473 1412 694 1476 predicte,
720 1414 866 1462 modo
901 1415 948 1460 in
984 1414 1293 1478 occupacione
1327 1413 1559 1460 Anthonii
1596 1413 1761 1470 Reade,
1790 1428 1937 1477 usque

330 1479 569 1526 northeast
593 1495 605 1537 ;
641 1491 688 1527 et
711 1481 886 1546 regiam
911 1481 1033 1528 viam
1058 1498 1218 1529 versus
1248 1481 1501 1528 northwest
1522 1496 1535 1538 ;
1571 1491 1618 1528 et
1641 1481 1789 1528 altum
1814 1495 1938 1527 mare

330 1563 491 1594 versus
536 1547 807 1595 southeast:
868 1548 1064 1596 habend'
1111 1560 1158 1596 et
1204 1549 1392 1596 tenend’
1441 1548 1696 1612 predictam
1742 1563 1936 1595 vacuam

330 1612 534 1677 placeam
557 1625 680 1662 terre
716 1631 821 1662 cum
847 1616 1066 1663 omnibus
1089 1615 1184 1663 suis
1219 1615 1517 1680 pertinenciis
1541 1614 1724 1678 prefato
1747 1615 1937 1661 Thome

330 1681 551 1738 Dawkes,
568 1681 816 1729 heredibus
839 1694 885 1730 et
910 1683 1152 1748 assignatis
1179 1683 1289 1738 suis,
1309 1701 1333 1730 a
1352 1682 1472 1730 festo
1489 1682 1762 1730 Nativitatis
1785 1681 1936 1728 Sancti

327 1747 553 1808 Johannis
576 1749 783 1812 Baptiste
807 1750 1023 1813 proximo
1047 1749 1209 1797 futuro
1242 1762 1347 1814 post
1371 1750 1526 1797 datam
1552 1749 1854 1814 presentium,
1878 1749 1937 1796 de

328 1832 450 1861 anno
475 1815 522 1861 in
547 1833 721 1862 annum
753 1834 850 1863 uno
874 1829 980 1881 post
1006 1817 1146 1864 alium
1175 1835 1321 1882 usque
1346 1817 1403 1864 ad
1434 1817 1573 1863 finem
1598 1828 1643 1864 et
1679 1816 1934 1863 terminum

329 1882 530 1928 lxxxxix.
557 1900 787 1930 annorum
806 1896 979 1931 extunc
1004 1885 1325 1948 proximorum
1346 1884 1642 1948 sequentium
1667 1895 1712 1931 et
1737 1883 1939 1948 plenarie

329 1949 625 2012 complend':
676 1949 874 1999 faciend’
921 1951 1028 1999 inde
1064 1952 1311 1998 servicium
1347 1951 1538 1998 domine
1581 1962 1739 1998 nostre
1779 1950 1937 2015 regine

329 2027 374 2062 et
432 2017 776 2064 successoribus
844 2019 938 2065 suis
1006 2020 1265 2066 secundum
1330 2019 1717 2066 consuetudinem
1775 2029 1940 2081 portus

330 2083 541 2129 Dovorie
599 2084 804 2147 predicte
851 2102 956 2132 curn
1015 2086 1265 2133 acciderit:
1327 2103 1376 2132 ac
1422 2086 1562 2132 etiam
1621 2084 1842 2132 reddend'
1889 2096 1936 2132 et

329 2149 540 2196 solvend'
568 2150 674 2198 inde
710 2152 952 2199 annuatim
980 2153 1153 2218 Majori
1183 2165 1227 2200 et
1252 2152 1544 2199 Custodibus
1574 2152 1697 2199 dicte
1721 2151 1831 2199 ville
1855 2151 1936 2216 qui

329 2227 440 2263 tunc
465 2233 550 2280 pro
575 2228 784 2282 tempore
821 2217 992 2266 fuerint
1017 2220 1065 2266 in
1102 2219 1221 2266 festo
1246 2219 1597 2282 Assumptionis
1621 2219 1750 2266 beate
1785 2219 1938 2266 Marie

331 2283 541 2348 Virginis
586 2285 845 2332 duodecem
893 2287 1106 2333 denarios
1152 2304 1237 2350 pro
1295 2287 1479 2333 annuali
1527 2286 1746 2333 redditu:
1807 2297 1852 2333 et
1899 2285 1935 2332 si

329 2351 571 2414 contingat
607 2352 871 2415 predictum
907 2354 1149 2401 annualem
1184 2354 1421 2401 redditum
1454 2354 1512 2401 de
1537 2353 1641 2418 xijd.
1671 2353 1727 2400 ad
1764 2351 1935 2400 festum

329 2418 403 2464 vel
451 2418 706 2466 terminum
755 2420 1016 2482 predictum
1075 2437 1171 2485 quo
1216 2421 1335 2467 solvi
1384 2421 1549 2467 debeat
1595 2438 1619 2466 a
1666 2431 1791 2466 retro
1837 2417 1937 2466 fore

331 2484 590 2532 insolutum
630 2486 675 2532 in
713 2498 840 2550 parte
876 2488 949 2534 vel
988 2488 1034 2534 in
1077 2499 1181 2534 toto
1223 2489 1344 2535 ultra
1380 2487 1635 2534 terminum
1672 2486 1936 2550 predictum

330 2568 411 2614 per
446 2553 655 2616 spacium
692 2562 782 2601 xv¹¹¹
806 2554 1005 2613 dierum,
1039 2555 1074 2601 si
1112 2554 1318 2619 legitime
1355 2555 1571 2618 petitum,
1611 2564 1722 2601 tunc
1757 2553 1937 2600 licitum

329 2618 417 2666 erit
467 2619 642 2685 Majori
701 2631 747 2667 et
795 2620 1086 2670 Custodibus
1132 2621 1240 2670 ville
1299 2622 1505 2686 predicte
1551 2621 1632 2686 qui
1680 2632 1794 2668 tunc
1852 2637 1939 2686 pro
