<?xml version="1.0" encoding="UTF-8"?>
<!DOCTYPE html PUBLIC "-//W3C//DTD XHTML 1.0 Transitional//EN"
    "http://www.w3.org/TR/xhtml1/DTD/xhtml1-transitional.dtd">
<html xmlns="http://www.w3.org/1999/xhtml" xml:lang="en" lang="en">
 <head>
  <title>
</title>
<meta http-equiv="Content-Type" content="text/html;charset=utf-8" />
  <meta name='ocr-system' content='tesseract 3.04.00' />
  <meta name='ocr-capabilities' content='ocr_page ocr_carea ocr_par ocr_line ocrx_word'/>
</head>
<body>
  <div class='ocr_page' id='page_1' title='image "./doverchartersoth00doverich/doverchartersoth00doverich_0370.png"; bbox 0 0 2181 3155; ppageno 0'>
   <div class='ocr_carea' id='block_1_1' title="bbox 363 202 1488 265">
    <p class='ocr_par' dir='ltr' id='par_1_1' title="bbox 363 202 1488 265">
     <span class='ocr_line' id='line_1_1' title="bbox 363 202 1488 265; baseline 0.001 -16"><span class='ocrx_word' id='word_1_1' title='bbox 363 219 388 265; x_wconf 84' lang='lat'><em>3</em></span> <span class='ocrx_word' id='word_1_2' title='bbox 397 206 454 265; x_wconf 78' lang='lat'>38</span> <span class='ocrx_word' id='word_1_3' title='bbox 844 203 1081 251; x_wconf 85' lang='lat' dir='ltr'>DOVER</span> <span class='ocrx_word' id='word_1_4' title='bbox 1119 202 1488 251; x_wconf 86' lang='lat' dir='ltr'>CHARTERS</span> 
     </span>
    </p>
   </div>
   <div class='ocr_carea' id='block_1_2' title="bbox 806 403 1521 571">
    <p class='ocr_par' dir='ltr' id='par_1_2' title="bbox 806 403 1521 571">
     <span class='ocr_line' id='line_1_2' title="bbox 1045 403 1298 454; baseline 0 -1"><span class='ocrx_word' id='word_1_5' title='bbox 1045 403 1101 453; x_wconf 91' lang='lat' dir='ltr'>X</span> <span class='ocrx_word' id='word_1_6' title='bbox 1120 403 1163 454; x_wconf 89' lang='lat' dir='ltr'>C</span> <span class='ocrx_word' id='word_1_7' title='bbox 1184 403 1205 452; x_wconf 98' lang='lat' dir='ltr'><strong>I</strong></span> <span class='ocrx_word' id='word_1_8' title='bbox 1227 403 1298 453; x_wconf 92' lang='lat' dir='ltr'>X.</span> 
     </span>
     <span class='ocr_line' id='line_1_3' title="bbox 806 519 1521 571; baseline 0.001 -9"><span class='ocrx_word' id='word_1_9' title='bbox 806 522 855 562; x_wconf 85' lang='lat' dir='ltr'>ix</span> <span class='ocrx_word' id='word_1_10' title='bbox 887 520 1120 571; x_wconf 87' lang='lat' dir='ltr'>Octobris,</span> <span class='ocrx_word' id='word_1_11' title='bbox 1150 519 1205 562; x_wconf 89' lang='lat'>26</span> <span class='ocrx_word' id='word_1_12' title='bbox 1236 520 1356 563; x_wconf 86' lang='lat' dir='ltr'>Hen.</span> <span class='ocrx_word' id='word_1_13' title='bbox 1387 519 1521 563; x_wconf 89' lang='lat' dir='ltr'><strong>VIII.</strong></span> 
     </span>
    </p>
   </div>
   <div class='ocr_carea' id='block_1_3' title="bbox 354 623 1972 2502">
    <p class='ocr_par' dir='ltr' id='par_1_3' title="bbox 354 623 1972 2502">
     <span class='ocr_line' id='line_1_4' title="bbox 363 623 1968 687; baseline 0 -17"><span class='ocrx_word' id='word_1_14' title='bbox 363 623 648 672; x_wconf 79' lang='lat' dir='ltr'>HENRICUS</span> <span class='ocrx_word' id='word_1_15' title='bbox 685 624 897 670; x_wconf 85' lang='lat' dir='ltr'>Octavus</span> <span class='ocrx_word' id='word_1_16' title='bbox 929 623 1003 670; x_wconf 89' lang='lat' dir='ltr'>dei</span> <span class='ocrx_word' id='word_1_17' title='bbox 1037 624 1189 686; x_wconf 85' lang='lat' dir='ltr'>gracia</span> <span class='ocrx_word' id='word_1_18' title='bbox 1219 624 1393 687; x_wconf 87' lang='lat' dir='ltr'>Anglie</span> <span class='ocrx_word' id='word_1_19' title='bbox 1429 635 1474 670; x_wconf 92' lang='lat' dir='ltr'>et</span> <span class='ocrx_word' id='word_1_20' title='bbox 1511 623 1699 670; x_wconf 85' lang='lat' dir='ltr'>ffrancie</span> <span class='ocrx_word' id='word_1_21' title='bbox 1727 625 1840 680; x_wconf 89' lang='lat' dir='ltr'>Rex,</span> <span class='ocrx_word' id='word_1_22' title='bbox 1862 623 1968 670; x_wconf 89' lang='lat' dir='ltr'>fidei</span> 
     </span>
     <span class='ocr_line' id='line_1_5' title="bbox 359 690 1971 749; baseline 0 -12"><span class='ocrx_word' id='word_1_23' title='bbox 359 690 594 747; x_wconf 89' lang='lat' dir='ltr'>defensor,</span> <span class='ocrx_word' id='word_1_24' title='bbox 641 703 686 738; x_wconf 91' lang='lat' dir='ltr'>et</span> <span class='ocrx_word' id='word_1_25' title='bbox 725 690 962 738; x_wconf 87' lang='lat' dir='ltr'>Dominus</span> <span class='ocrx_word' id='word_1_26' title='bbox 1004 690 1251 749; x_wconf 90' lang='lat' dir='ltr'>Hibernie‚</span> <span class='ocrx_word' id='word_1_27' title='bbox 1296 691 1558 738; x_wconf 89' lang='lat' dir='ltr'>Predilecto</span> <span class='ocrx_word' id='word_1_28' title='bbox 1594 702 1639 738; x_wconf 88' lang='lat' dir='ltr'>et</span> <span class='ocrx_word' id='word_1_29' title='bbox 1687 691 1811 738; x_wconf 86' lang='lat' dir='ltr'>fideli</span> <span class='ocrx_word' id='word_1_30' title='bbox 1859 707 1971 737; x_wconf 90' lang='lat' dir='ltr'>con-</span> 
     </span>
     <span class='ocr_line' id='line_1_6' title="bbox 360 756 1972 822; baseline 0 -18"><span class='ocrx_word' id='word_1_31' title='bbox 360 757 534 805; x_wconf 89' lang='lat' dir='ltr'>siliario</span> <span class='ocrx_word' id='word_1_32' title='bbox 580 775 667 804; x_wconf 93' lang='lat' dir='ltr'>suo</span> <span class='ocrx_word' id='word_1_33' title='bbox 736 758 960 822; x_wconf 88' lang='lat' dir='ltr'>Georgio,</span> <span class='ocrx_word' id='word_1_34' title='bbox 1014 757 1210 805; x_wconf 91' lang='lat' dir='ltr'>domino</span> <span class='ocrx_word' id='word_1_35' title='bbox 1270 756 1552 816; x_wconf 88' lang='lat' dir='ltr'>Rocheford,</span> <span class='ocrx_word' id='word_1_36' title='bbox 1613 758 1972 805; x_wconf 87' lang='lat' dir='ltr'>Constabulario</span> 
     </span>
     <span class='ocr_line' id='line_1_7' title="bbox 363 824 1965 889; baseline 0.001 -18"><span class='ocrx_word' id='word_1_37' title='bbox 363 824 515 871; x_wconf 88' lang='lat' dir='ltr'>Castri</span> <span class='ocrx_word' id='word_1_38' title='bbox 564 826 796 884; x_wconf 89' lang='lat' dir='ltr'>Dovorre,</span> <span class='ocrx_word' id='word_1_39' title='bbox 844 841 894 870; x_wconf 91' lang='lat' dir='ltr'>ac</span> <span class='ocrx_word' id='word_1_40' title='bbox 953 825 1152 872; x_wconf 86' lang='lat' dir='ltr'>Custodi</span> <span class='ocrx_word' id='word_1_41' title='bbox 1211 825 1423 889; x_wconf 88' lang='lat' dir='ltr'>quinque</span> <span class='ocrx_word' id='word_1_42' title='bbox 1478 825 1711 872; x_wconf 89' lang='lat' dir='ltr'>Portuum</span> <span class='ocrx_word' id='word_1_43' title='bbox 1758 841 1965 881; x_wconf 89' lang='lat' dir='ltr'>suorum,</span> 
     </span>
     <span class='ocr_line' id='line_1_8' title="bbox 362 891 1972 956; baseline 0.001 -18"><span class='ocrx_word' id='word_1_44' title='bbox 362 891 652 956; x_wconf 88' lang='lat' dir='ltr'>Dilectisque</span> <span class='ocrx_word' id='word_1_45' title='bbox 693 903 738 938; x_wconf 91' lang='lat' dir='ltr'>et</span> <span class='ocrx_word' id='word_1_46' title='bbox 775 891 992 939; x_wconf 87' lang='lat' dir='ltr'>fidelibus</span> <span class='ocrx_word' id='word_1_47' title='bbox 1015 892 1110 938; x_wconf 90' lang='lat' dir='ltr'>suis</span> <span class='ocrx_word' id='word_1_48' title='bbox 1132 892 1333 952; x_wconf 88' lang='lat' dir='ltr'>Johanni</span> <span class='ocrx_word' id='word_1_49' title='bbox 1362 892 1526 948; x_wconf 87' lang='lat' dir='ltr'>Hales,</span> <span class='ocrx_word' id='word_1_50' title='bbox 1554 892 1632 939; x_wconf 88' lang='lat' dir='ltr'>uni</span> <span class='ocrx_word' id='word_1_51' title='bbox 1659 893 1894 939; x_wconf 89' lang='lat' dir='ltr'>Baronum</span> <span class='ocrx_word' id='word_1_52' title='bbox 1914 893 1972 939; x_wconf 88' lang='lat' dir='ltr'>de</span> 
     </span>
     <span class='ocr_line' id='line_1_9' title="bbox 361 958 1970 1018; baseline 0.001 -13"><span class='ocrx_word' id='word_1_53' title='bbox 361 959 585 1006; x_wconf 85' lang='lat' dir='ltr'>scaccario</span> <span class='ocrx_word' id='word_1_54' title='bbox 609 976 711 1017; x_wconf 92' lang='lat' dir='ltr'>suo,</span> <span class='ocrx_word' id='word_1_55' title='bbox 736 970 782 1005; x_wconf 89' lang='lat' dir='ltr'>et</span> <span class='ocrx_word' id='word_1_56' title='bbox 809 958 1070 1006; x_wconf 90' lang='lat' dir='ltr'>Cristofero</span> <span class='ocrx_word' id='word_1_57' title='bbox 1096 958 1261 1018; x_wconf 86' lang='lat' dir='ltr'>Hales,</span> <span class='ocrx_word' id='word_1_58' title='bbox 1287 959 1501 1006; x_wconf 90' lang='lat' dir='ltr'>Generali</span> <span class='ocrx_word' id='word_1_59' title='bbox 1526 961 1786 1007; x_wconf 87' lang='lat' dir='ltr'>Attornato</span> <span class='ocrx_word' id='word_1_60' title='bbox 1804 977 1904 1016; x_wconf 89' lang='lat' dir='ltr'>suo,</span> <span class='ocrx_word' id='word_1_61' title='bbox 1921 977 1970 1006; x_wconf 93' lang='lat' dir='ltr'>ac</span> 
     </span>
     <span class='ocr_line' id='line_1_10' title="bbox 361 1026 1970 1091; baseline 0.001 -18"><span class='ocrx_word' id='word_1_62' title='bbox 361 1026 542 1073; x_wconf 89' lang='lat' dir='ltr'>dilectis</span> <span class='ocrx_word' id='word_1_63' title='bbox 592 1026 686 1073; x_wconf 91' lang='lat' dir='ltr'>suis</span> <span class='ocrx_word' id='word_1_64' title='bbox 725 1026 926 1086; x_wconf 90' lang='lat' dir='ltr'>Johanni</span> <span class='ocrx_word' id='word_1_65' title='bbox 967 1026 1183 1089; x_wconf 86' lang='lat' dir='ltr'>Paynter‚</span> <span class='ocrx_word' id='word_1_66' title='bbox 1226 1027 1414 1073; x_wconf 90' lang='lat' dir='ltr'>Thome</span> <span class='ocrx_word' id='word_1_67' title='bbox 1467 1027 1710 1091; x_wconf 88' lang='lat' dir='ltr'>Vaughan,</span> <span class='ocrx_word' id='word_1_68' title='bbox 1761 1027 1970 1074; x_wconf 89' lang='lat' dir='ltr'>Roberto</span> 
     </span>
     <span class='ocr_line' id='line_1_11' title="bbox 361 1093 1970 1157; baseline 0.001 -17"><span class='ocrx_word' id='word_1_69' title='bbox 361 1093 657 1151; x_wconf 87' lang='lat' dir='ltr'>Nethersole,</span> <span class='ocrx_word' id='word_1_70' title='bbox 714 1093 919 1154; x_wconf 90' lang='lat' dir='ltr'>Johanni</span> <span class='ocrx_word' id='word_1_71' title='bbox 974 1093 1126 1152; x_wconf 90' lang='lat' dir='ltr'>Elam,</span> <span class='ocrx_word' id='word_1_72' title='bbox 1187 1094 1389 1140; x_wconf 90' lang='lat' dir='ltr'>Ricardo</span> <span class='ocrx_word' id='word_1_73' title='bbox 1449 1093 1677 1157; x_wconf 89' lang='lat' dir='ltr'>Combye,</span> <span class='ocrx_word' id='word_1_74' title='bbox 1733 1094 1970 1142; x_wconf 88' lang='lat' dir='ltr'>Edwardo</span> 
     </span>
     <span class='ocr_line' id='line_1_12' title="bbox 363 1160 1968 1237; baseline 0.001 -30"><span class='ocrx_word' id='word_1_75' title='bbox 363 1161 524 1224; x_wconf 88' lang='lat' dir='ltr'>Maye,</span> <span class='ocrx_word' id='word_1_76' title='bbox 570 1161 772 1222; x_wconf 89' lang='lat' dir='ltr'>Johanni</span> <span class='ocrx_word' id='word_1_77' title='bbox 831 1160 1002 1220; x_wconf 90' lang='lat' dir='ltr'>Bowle,</span> <span class='ocrx_word' id='word_1_78' title='bbox 1060 1172 1107 1207; x_wconf 92' lang='lat' dir='ltr'>et</span> <span class='ocrx_word' id='word_1_79' title='bbox 1166 1161 1419 1224; x_wconf 91' lang='lat' dir='ltr'>Radulpho</span> <span class='ocrx_word' id='word_1_80' title='bbox 1478 1160 1968 1237; x_wconf 84' lang='lat' dir='ltr'>Bufkyn—Salutem.</span> 
     </span>
     <span class='ocr_line' id='line_1_13' title="bbox 359 1227 1971 1303; baseline 0.001 -29"><span class='ocrx_word' id='word_1_81' title='bbox 359 1228 518 1275; x_wconf 88' lang='lat' dir='ltr'>Sciatis</span> <span class='ocrx_word' id='word_1_82' title='bbox 542 1228 671 1303; x_wconf 83' lang='lat' dir='ltr'>quod</span> <span class='ocrx_word' id='word_1_83' title='bbox 708 1245 791 1275; x_wconf 93' lang='lat' dir='ltr'>nos</span> <span class='ocrx_word' id='word_1_84' title='bbox 819 1227 877 1275; x_wconf 93' lang='lat' dir='ltr'>de</span> <span class='ocrx_word' id='word_1_85' title='bbox 906 1227 1207 1275; x_wconf 88' lang='lat' dir='ltr'>fidelitatibus</span> <span class='ocrx_word' id='word_1_86' title='bbox 1238 1238 1284 1274; x_wconf 90' lang='lat' dir='ltr'>et</span> <span class='ocrx_word' id='word_1_87' title='bbox 1317 1228 1527 1291; x_wconf 89' lang='lat' dir='ltr'>providis</span> <span class='ocrx_word' id='word_1_88' title='bbox 1560 1229 1971 1292; x_wconf 90' lang='lat' dir='ltr'>circumspecioni-</span> 
     </span>
     <span class='ocr_line' id='line_1_14' title="bbox 362 1294 1969 1359; baseline 0.001 -18"><span class='ocrx_word' id='word_1_89' title='bbox 362 1294 448 1341; x_wconf 94' lang='lat' dir='ltr'>bus</span> <span class='ocrx_word' id='word_1_90' title='bbox 490 1295 655 1342; x_wconf 88' lang='lat' dir='ltr'>vestris</span> <span class='ocrx_word' id='word_1_91' title='bbox 690 1295 871 1359; x_wconf 89' lang='lat' dir='ltr'>plenius</span> <span class='ocrx_word' id='word_1_92' title='bbox 906 1295 1192 1343; x_wconf 87' lang='lat' dir='ltr'>confidentes</span> <span class='ocrx_word' id='word_1_93' title='bbox 1226 1295 1562 1359; x_wconf 87' lang='lat' dir='ltr'>assignavimus</span> <span class='ocrx_word' id='word_1_94' title='bbox 1598 1313 1697 1353; x_wconf 86' lang='lat' dir='ltr'>vos,</span> <span class='ocrx_word' id='word_1_95' title='bbox 1722 1313 1772 1343; x_wconf 90' lang='lat' dir='ltr'>ac</span> <span class='ocrx_word' id='word_1_96' title='bbox 1808 1307 1969 1343; x_wconf 89' lang='lat' dir='ltr'>tenore</span> 
     </span>
     <span class='ocr_line' id='line_1_15' title="bbox 360 1361 1968 1426; baseline 0.001 -18"><span class='ocrx_word' id='word_1_97' title='bbox 360 1363 665 1425; x_wconf 86' lang='lat' dir='ltr'>presencium,</span> <span class='ocrx_word' id='word_1_98' title='bbox 724 1363 890 1410; x_wconf 88' lang='lat' dir='ltr'>damus</span> <span class='ocrx_word' id='word_1_99' title='bbox 948 1361 1097 1418; x_wconf 90' lang='lat' dir='ltr'>vobis,</span> <span class='ocrx_word' id='word_1_100' title='bbox 1156 1373 1201 1408; x_wconf 93' lang='lat' dir='ltr'>et</span> <span class='ocrx_word' id='word_1_101' title='bbox 1259 1362 1443 1409; x_wconf 79' lang='lat' dir='ltr'>duobus</span> <span class='ocrx_word' id='word_1_102' title='bbox 1502 1374 1725 1419; x_wconf 89' lang='lat' dir='ltr'>vestrum,</span> <span class='ocrx_word' id='word_1_103' title='bbox 1785 1363 1968 1426; x_wconf 84' lang='lat' dir='ltr'>plenam</span> 
     </span>
     <span class='ocr_line' id='line_1_16' title="bbox 359 1429 1972 1494; baseline 0.001 -18"><span class='ocrx_word' id='word_1_104' title='bbox 359 1440 639 1492; x_wconf 89' lang='lat' dir='ltr'>potestatem</span> <span class='ocrx_word' id='word_1_105' title='bbox 664 1440 710 1476; x_wconf 88' lang='lat' dir='ltr'>et</span> <span class='ocrx_word' id='word_1_106' title='bbox 739 1430 1065 1477; x_wconf 89' lang='lat' dir='ltr'>auctoritatem</span> <span class='ocrx_word' id='word_1_107' title='bbox 1102 1429 1309 1493; x_wconf 90' lang='lat' dir='ltr'>capiend&#39;</span> <span class='ocrx_word' id='word_1_108' title='bbox 1335 1440 1381 1476; x_wconf 92' lang='lat' dir='ltr'>et</span> <span class='ocrx_word' id='word_1_109' title='bbox 1418 1430 1666 1494; x_wconf 87' lang='lat' dir='ltr'>recipiend&#39;</span> <span class='ocrx_word' id='word_1_110' title='bbox 1690 1443 1972 1478; x_wconf 87' lang='lat' dir='ltr'>sacramenta</span> 
     </span>
     <span class='ocr_line' id='line_1_17' title="bbox 359 1496 1967 1562; baseline 0.001 -20"><span class='ocrx_word' id='word_1_111' title='bbox 359 1507 406 1543; x_wconf 89' lang='lat' dir='ltr'>et</span> <span class='ocrx_word' id='word_1_112' title='bbox 430 1497 675 1544; x_wconf 88' lang='lat' dir='ltr'>fidelitates</span> <span class='ocrx_word' id='word_1_113' title='bbox 700 1497 913 1544; x_wconf 89' lang='lat' dir='ltr'>omnium</span> <span class='ocrx_word' id='word_1_114' title='bbox 938 1508 984 1543; x_wconf 90' lang='lat' dir='ltr'>et</span> <span class='ocrx_word' id='word_1_115' title='bbox 1020 1496 1314 1561; x_wconf 90' lang='lat' dir='ltr'>singulorum</span> <span class='ocrx_word' id='word_1_116' title='bbox 1339 1497 1572 1562; x_wconf 88' lang='lat' dir='ltr'>ligeorum</span> <span class='ocrx_word' id='word_1_117' title='bbox 1597 1509 1642 1544; x_wconf 93' lang='lat' dir='ltr'>et</span> <span class='ocrx_word' id='word_1_118' title='bbox 1667 1497 1967 1545; x_wconf 90' lang='lat' dir='ltr'>subditorum</span> 
     </span>
     <span class='ocr_line' id='line_1_18' title="bbox 361 1564 1970 1630; baseline 0.001 -20"><span class='ocrx_word' id='word_1_119' title='bbox 361 1575 630 1611; x_wconf 89' lang='lat' dir='ltr'>nostrorum</span> <span class='ocrx_word' id='word_1_120' title='bbox 667 1581 1074 1629; x_wconf 90' lang='lat' dir='ltr'>quorumcumque</span> <span class='ocrx_word' id='word_1_121' title='bbox 1100 1575 1193 1611; x_wconf 90' lang='lat' dir='ltr'>tam</span> <span class='ocrx_word' id='word_1_122' title='bbox 1217 1564 1530 1628; x_wconf 87' lang='lat' dir='ltr'>spiritualium</span> <span class='ocrx_word' id='word_1_123' title='bbox 1565 1583 1706 1630; x_wconf 90' lang='lat' dir='ltr'>quam</span> <span class='ocrx_word' id='word_1_124' title='bbox 1734 1577 1970 1628; x_wconf 87' lang='lat' dir='ltr'>tempora-</span> 
     </span>
     <span class='ocr_line' id='line_1_19' title="bbox 359 1631 1967 1690; baseline 0.001 -13"><span class='ocrx_word' id='word_1_125' title='bbox 359 1631 492 1690; x_wconf 88' lang='lat' dir='ltr'>lium,</span> <span class='ocrx_word' id='word_1_126' title='bbox 518 1631 880 1678; x_wconf 88' lang='lat' dir='ltr'>inhabitancium</span> <span class='ocrx_word' id='word_1_127' title='bbox 913 1643 958 1678; x_wconf 87' lang='lat' dir='ltr'>et</span> <span class='ocrx_word' id='word_1_128' title='bbox 990 1631 1297 1678; x_wconf 88' lang='lat' dir='ltr'>residentium</span> <span class='ocrx_word' id='word_1_129' title='bbox 1335 1631 1455 1679; x_wconf 89' lang='lat' dir='ltr'>infra</span> <span class='ocrx_word' id='word_1_130' title='bbox 1480 1632 1651 1679; x_wconf 90' lang='lat' dir='ltr'>Villam</span> <span class='ocrx_word' id='word_1_131' title='bbox 1686 1644 1731 1679; x_wconf 90' lang='lat' dir='ltr'>et</span> <span class='ocrx_word' id='word_1_132' title='bbox 1768 1633 1967 1680; x_wconf 89' lang='lat' dir='ltr'>Portum</span> 
     </span>
     <span class='ocr_line' id='line_1_20' title="bbox 358 1698 1968 1764; baseline 0.001 -19"><span class='ocrx_word' id='word_1_133' title='bbox 358 1699 416 1745; x_wconf 93' lang='lat' dir='ltr'>de</span> <span class='ocrx_word' id='word_1_134' title='bbox 459 1700 691 1758; x_wconf 90' lang='lat' dir='ltr'>Dovorra,</span> <span class='ocrx_word' id='word_1_135' title='bbox 744 1710 791 1746; x_wconf 90' lang='lat' dir='ltr'>et</span> <span class='ocrx_word' id='word_1_136' title='bbox 838 1698 1046 1746; x_wconf 90' lang='lat' dir='ltr'>membra</span> <span class='ocrx_word' id='word_1_137' title='bbox 1086 1698 1311 1763; x_wconf 88' lang='lat' dir='ltr'>ejusdem,</span> <span class='ocrx_word' id='word_1_138' title='bbox 1351 1717 1443 1764; x_wconf 92' lang='lat' dir='ltr'>que</span> <span class='ocrx_word' id='word_1_139' title='bbox 1492 1711 1599 1746; x_wconf 92' lang='lat' dir='ltr'>sunt</span> <span class='ocrx_word' id='word_1_140' title='bbox 1652 1700 1709 1747; x_wconf 92' lang='lat' dir='ltr'>de</span> <span class='ocrx_word' id='word_1_141' title='bbox 1756 1699 1968 1748; x_wconf 86' lang='lat' dir='ltr'>libertate</span> 
     </span>
     <span class='ocr_line' id='line_1_21' title="bbox 358 1766 1969 1841; baseline 0.001 -29"><span class='ocrx_word' id='word_1_142' title='bbox 358 1766 568 1830; x_wconf 90' lang='lat' dir='ltr'>quinque</span> <span class='ocrx_word' id='word_1_143' title='bbox 594 1777 837 1841; x_wconf 82' lang='lat' dir='ltr'>portuum,</span> <span class='ocrx_word' id='word_1_144' title='bbox 857 1766 1194 1831; x_wconf 90' lang='lat' dir='ltr'>cujuscumque</span> <span class='ocrx_word' id='word_1_145' title='bbox 1211 1767 1386 1831; x_wconf 88' lang='lat' dir='ltr'>gradus</span> <span class='ocrx_word' id='word_1_146' title='bbox 1410 1777 1557 1814; x_wconf 91' lang='lat' dir='ltr'>status</span> <span class='ocrx_word' id='word_1_147' title='bbox 1580 1783 1660 1813; x_wconf 91' lang='lat' dir='ltr'>seu</span> <span class='ocrx_word' id='word_1_148' title='bbox 1680 1767 1969 1814; x_wconf 89' lang='lat' dir='ltr'>condicionis</span> 
     </span>
     <span class='ocr_line' id='line_1_22' title="bbox 358 1832 1964 1899; baseline 0.001 -20"><span class='ocrx_word' id='word_1_149' title='bbox 358 1833 552 1890; x_wconf 88' lang='lat' dir='ltr'>fuerint,</span> <span class='ocrx_word' id='word_1_150' title='bbox 594 1833 730 1898; x_wconf 86' lang='lat' dir='ltr'>juxta</span> <span class='ocrx_word' id='word_1_151' title='bbox 770 1833 868 1880; x_wconf 90' lang='lat' dir='ltr'>vim</span> <span class='ocrx_word' id='word_1_152' title='bbox 912 1832 1113 1880; x_wconf 90' lang='lat' dir='ltr'>formam</span> <span class='ocrx_word' id='word_1_153' title='bbox 1160 1845 1206 1880; x_wconf 90' lang='lat' dir='ltr'>et</span> <span class='ocrx_word' id='word_1_154' title='bbox 1255 1833 1476 1880; x_wconf 85' lang='lat' dir='ltr'>effectum</span> <span class='ocrx_word' id='word_1_155' title='bbox 1516 1834 1760 1899; x_wconf 90' lang='lat' dir='ltr'>cujusdam</span> <span class='ocrx_word' id='word_1_156' title='bbox 1802 1834 1964 1882; x_wconf 89' lang='lat' dir='ltr'>statuti</span> 
     </span>
     <span class='ocr_line' id='line_1_23' title="bbox 358 1899 1966 1975; baseline 0.001 -29"><span class='ocrx_word' id='word_1_157' title='bbox 358 1899 404 1946; x_wconf 88' lang='lat' dir='ltr'>in</span> <span class='ocrx_word' id='word_1_158' title='bbox 444 1901 645 1975; x_wconf 81' lang='lat' dir='ltr'>presenti</span> <span class='ocrx_word' id='word_1_159' title='bbox 686 1900 999 1948; x_wconf 88' lang='lat' dir='ltr'>Parliamento</span> <span class='ocrx_word' id='word_1_160' title='bbox 1041 1911 1202 1948; x_wconf 89' lang='lat' dir='ltr'>nostro</span> <span class='ocrx_word' id='word_1_161' title='bbox 1242 1901 1297 1947; x_wconf 90' lang='lat' dir='ltr'>ad</span> <span class='ocrx_word' id='word_1_162' title='bbox 1334 1901 1646 1959; x_wconf 84' lang='lat' dir='ltr'>securitatem,</span> <span class='ocrx_word' id='word_1_163' title='bbox 1688 1913 1875 1957; x_wconf 87' lang='lat' dir='ltr'>statum,</span> <span class='ocrx_word' id='word_1_164' title='bbox 1921 1913 1966 1948; x_wconf 91' lang='lat' dir='ltr'>et</span> 
     </span>
     <span class='ocr_line' id='line_1_24' title="bbox 356 1968 1967 2033; baseline 0.001 -19"><span class='ocrx_word' id='word_1_165' title='bbox 356 1968 691 2014; x_wconf 88' lang='lat' dir='ltr'>successionem</span> <span class='ocrx_word' id='word_1_166' title='bbox 734 1979 913 2014; x_wconf 90' lang='lat' dir='ltr'>nostras</span> <span class='ocrx_word' id='word_1_167' title='bbox 953 1968 1257 2015; x_wconf 89' lang='lat' dir='ltr'>conservend’</span> <span class='ocrx_word' id='word_1_168' title='bbox 1287 1968 1399 2015; x_wconf 91' lang='lat' dir='ltr'>editi</span> <span class='ocrx_word' id='word_1_169' title='bbox 1442 1986 1492 2014; x_wconf 93' lang='lat' dir='ltr'>ac</span> <span class='ocrx_word' id='word_1_170' title='bbox 1526 1968 1715 2031; x_wconf 87' lang='lat' dir='ltr'>provisi,</span> <span class='ocrx_word' id='word_1_171' title='bbox 1751 1986 1800 2015; x_wconf 91' lang='lat' dir='ltr'>ac</span> <span class='ocrx_word' id='word_1_172' title='bbox 1830 1969 1967 2033; x_wconf 85' lang='lat' dir='ltr'>juxta</span> 
     </span>
     <span class='ocr_line' id='line_1_25' title="bbox 359 2035 1963 2099; baseline 0.001 -18"><span class='ocrx_word' id='word_1_173' title='bbox 359 2046 569 2081; x_wconf 90' lang='lat' dir='ltr'>tenorem</span> <span class='ocrx_word' id='word_1_174' title='bbox 627 2036 898 2082; x_wconf 87' lang='lat' dir='ltr'>sacramenti</span> <span class='ocrx_word' id='word_1_175' title='bbox 959 2035 1249 2099; x_wconf 91' lang='lat' dir='ltr'>presentibus</span> <span class='ocrx_word' id='word_1_176' title='bbox 1307 2036 1509 2091; x_wconf 88' lang='lat' dir='ltr'>annexi;</span> <span class='ocrx_word' id='word_1_177' title='bbox 1546 2047 1591 2082; x_wconf 90' lang='lat' dir='ltr'>et</span> <span class='ocrx_word' id='word_1_178' title='bbox 1645 2052 1752 2082; x_wconf 92' lang='lat' dir='ltr'>cum</span> <span class='ocrx_word' id='word_1_179' title='bbox 1804 2037 1963 2083; x_wconf 90' lang='lat' dir='ltr'>eadem</span> 
     </span>
     <span class='ocr_line' id='line_1_26' title="bbox 356 2102 1964 2168; baseline 0.001 -20"><span class='ocrx_word' id='word_1_180' title='bbox 356 2113 640 2149; x_wconf 90' lang='lat' dir='ltr'>sacramenta</span> <span class='ocrx_word' id='word_1_181' title='bbox 664 2102 726 2149; x_wconf 91' lang='lat' dir='ltr'>sic</span> <span class='ocrx_word' id='word_1_182' title='bbox 763 2102 991 2166; x_wconf 87' lang='lat' dir='ltr'>reperitis,</span> <span class='ocrx_word' id='word_1_183' title='bbox 1018 2119 1101 2149; x_wconf 90' lang='lat' dir='ltr'>nos</span> <span class='ocrx_word' id='word_1_184' title='bbox 1125 2103 1182 2150; x_wconf 92' lang='lat' dir='ltr'>de</span> <span class='ocrx_word' id='word_1_185' title='bbox 1219 2103 1485 2149; x_wconf 86' lang='lat' dir='ltr'>nominibus</span> <span class='ocrx_word' id='word_1_186' title='bbox 1509 2119 1670 2150; x_wconf 87' lang='lat' dir='ltr'>eorum</span> <span class='ocrx_word' id='word_1_187' title='bbox 1697 2103 1964 2168; x_wconf 89' lang='lat' dir='ltr'>hujusmodi</span> 
     </span>
     <span class='ocr_line' id='line_1_27' title="bbox 357 2169 1964 2232; baseline 0.001 -17"><span class='ocrx_word' id='word_1_188' title='bbox 357 2180 642 2216; x_wconf 88' lang='lat' dir='ltr'>sacramenta</span> <span class='ocrx_word' id='word_1_189' title='bbox 678 2186 831 2216; x_wconf 88' lang='lat' dir='ltr'>coram</span> <span class='ocrx_word' id='word_1_190' title='bbox 869 2169 1002 2216; x_wconf 89' lang='lat' dir='ltr'>vobis</span> <span class='ocrx_word' id='word_1_191' title='bbox 1038 2169 1306 2232; x_wconf 90' lang='lat' dir='ltr'>prestabunt</span> <span class='ocrx_word' id='word_1_192' title='bbox 1333 2170 1378 2216; x_wconf 86' lang='lat' dir='ltr'>in</span> <span class='ocrx_word' id='word_1_193' title='bbox 1417 2169 1729 2216; x_wconf 86' lang='lat' dir='ltr'>cancellariam</span> <span class='ocrx_word' id='word_1_194' title='bbox 1758 2182 1964 2218; x_wconf 88' lang='lat' dir='ltr'>nostram</span> 
     </span>
     <span class='ocr_line' id='line_1_28' title="bbox 355 2235 1963 2301; baseline 0.002 -19"><span class='ocrx_word' id='word_1_195' title='bbox 355 2235 442 2282; x_wconf 92' lang='lat' dir='ltr'>sub</span> <span class='ocrx_word' id='word_1_196' title='bbox 499 2236 664 2301; x_wconf 89' lang='lat' dir='ltr'>sigillis</span> <span class='ocrx_word' id='word_1_197' title='bbox 724 2236 902 2295; x_wconf 89' lang='lat' dir='ltr'>vestris,</span> <span class='ocrx_word' id='word_1_198' title='bbox 953 2237 1024 2283; x_wconf 90' lang='lat' dir='ltr'>vel</span> <span class='ocrx_word' id='word_1_199' title='bbox 1074 2237 1278 2283; x_wconf 89' lang='lat' dir='ltr'>duorum</span> <span class='ocrx_word' id='word_1_200' title='bbox 1332 2249 1556 2296; x_wconf 88' lang='lat' dir='ltr'>vestrum,</span> <span class='ocrx_word' id='word_1_201' title='bbox 1595 2237 1691 2283; x_wconf 89' lang='lat' dir='ltr'>sine</span> <span class='ocrx_word' id='word_1_202' title='bbox 1742 2237 1963 2285; x_wconf 87' lang='lat' dir='ltr'>dilatione</span> 
     </span>
     <span class='ocr_line' id='line_1_29' title="bbox 355 2303 1964 2352; baseline 0.001 -2"><span class='ocrx_word' id='word_1_203' title='bbox 355 2303 562 2350; x_wconf 89' lang='lat' dir='ltr'>reddatis</span> <span class='ocrx_word' id='word_1_204' title='bbox 619 2303 870 2350; x_wconf 88' lang='lat' dir='ltr'>certiores:</span> <span class='ocrx_word' id='word_1_205' title='bbox 927 2304 1216 2350; x_wconf 87' lang='lat' dir='ltr'>remittentes</span> <span class='ocrx_word' id='word_1_206' title='bbox 1259 2304 1392 2351; x_wconf 92' lang='lat' dir='ltr'>nobis</span> <span class='ocrx_word' id='word_1_207' title='bbox 1434 2305 1513 2351; x_wconf 87' lang='lat' dir='ltr'>has</span> <span class='ocrx_word' id='word_1_208' title='bbox 1554 2304 1729 2351; x_wconf 88' lang='lat' dir='ltr'>litteras</span> <span class='ocrx_word' id='word_1_209' title='bbox 1783 2318 1964 2352; x_wconf 90' lang='lat' dir='ltr'>nostras</span> 
     </span>
     <span class='ocr_line' id='line_1_30' title="bbox 354 2371 1964 2435; baseline 0.001 -18"><span class='ocrx_word' id='word_1_210' title='bbox 354 2381 592 2433; x_wconf 87' lang='lat' dir='ltr'>patentes:</span> <span class='ocrx_word' id='word_1_211' title='bbox 654 2382 699 2418; x_wconf 91' lang='lat' dir='ltr'>et</span> <span class='ocrx_word' id='word_1_212' title='bbox 738 2371 843 2418; x_wconf 92' lang='lat' dir='ltr'>ideo</span> <span class='ocrx_word' id='word_1_213' title='bbox 890 2371 1022 2418; x_wconf 93' lang='lat' dir='ltr'>vobis</span> <span class='ocrx_word' id='word_1_214' title='bbox 1062 2372 1338 2418; x_wconf 90' lang='lat' dir='ltr'>mandamus</span> <span class='ocrx_word' id='word_1_215' title='bbox 1383 2371 1513 2435; x_wconf 87' lang='lat' dir='ltr'>quod</span> <span class='ocrx_word' id='word_1_216' title='bbox 1572 2372 1688 2418; x_wconf 89' lang='lat' dir='ltr'>circa</span> <span class='ocrx_word' id='word_1_217' title='bbox 1742 2372 1964 2435; x_wconf 87' lang='lat' dir='ltr'>premissa</span> 
     </span>
     <span class='ocr_line' id='line_1_31' title="bbox 355 2437 1959 2502; baseline 0.002 -17"><span class='ocrx_word' id='word_1_218' title='bbox 355 2438 605 2502; x_wconf 87' lang='lat' dir='ltr'>diligenter</span> <span class='ocrx_word' id='word_1_219' title='bbox 629 2437 880 2485; x_wconf 86' lang='lat' dir='ltr'>intendatis</span> <span class='ocrx_word' id='word_1_220' title='bbox 915 2455 964 2485; x_wconf 92' lang='lat' dir='ltr'>ac</span> <span class='ocrx_word' id='word_1_221' title='bbox 988 2456 1039 2485; x_wconf 91' lang='lat' dir='ltr'>ea</span> <span class='ocrx_word' id='word_1_222' title='bbox 1058 2437 1234 2486; x_wconf 90' lang='lat' dir='ltr'>faciatis</span> <span class='ocrx_word' id='word_1_223' title='bbox 1258 2450 1303 2485; x_wconf 90' lang='lat' dir='ltr'>et</span> <span class='ocrx_word' id='word_1_224' title='bbox 1327 2439 1620 2502; x_wconf 86' lang='lat' dir='ltr'>exequamini</span> <span class='ocrx_word' id='word_1_225' title='bbox 1642 2456 1747 2485; x_wconf 89' lang='lat' dir='ltr'>cum</span> <span class='ocrx_word' id='word_1_226' title='bbox 1772 2439 1959 2488; x_wconf 82' lang='lat' dir='ltr'>effectu.</span> 
     </span>
    </p>
   </div>
   <div class='ocr_carea' id='block_1_4' title="bbox 2046 0 2156 3155">
    <p class='ocr_par' dir='ltr' id='par_1_4' title="bbox 2046 0 2156 3155">
     <span class='ocr_line' id='line_1_32' title="bbox 2046 0 2156 3155; baseline 0 0"><span class='ocrx_word' id='word_1_227' title='bbox 2046 0 2156 3155; x_wconf 95' lang='lat' dir='ltr'> </span> 
     </span>
    </p>
   </div>
  </div>
 </body>
</html>
