2181 3155
257 167 352 228 436
737 165 970 213 DOVER
1008 164 1376 213 CHARTERS

847 296 1265 349 CXXVIII.

775 411 818 465 vj
851 411 1161 465 Septembris,
1191 410 1219 453 6
1248 410 1368 453 Eliz.

254 514 373 562 Hac
407 514 657 562 indentura
683 526 883 562 testatur
915 515 1045 579 quod
1070 513 1283 561 Thomas
1320 513 1518 577 Pepper,
1546 513 1704 578 Major
1737 511 1860 559 Ville

252 592 299 629 et
355 582 528 629 Portus
574 583 754 640 Dovor‚
811 582 1046 642 Johannes
1103 581 1322 645 Sweting,
1381 579 1650 627 Willelmus
1709 580 1860 642 Ryve,

255 648 460 696 Richard
498 649 723 707 Haward‚
758 661 805 696 et
841 649 1112 695 Willelmus
1152 648 1430 722 Unthanke,·
1467 647 1703 694 Custodes
1738 646 1863 694 dicte

252 715 376 774 ville,
402 717 619 763 unanime
653 733 840 763 assensu
872 727 918 762 et
953 731 1184 763 concensu
1221 731 1306 778 pro
1341 725 1387 761 et
1420 714 1467 760 in
1501 715 1691 761 nomine
1715 714 1862 761 totius

253 783 618 831 Communitatis
653 783 856 848 ejusdem
885 782 993 829 ville
1020 782 1329 841 tradiderunt,
1355 792 1697 838 concesserunt,
1724 792 1773 828 et
1804 781 1862 828 ad

250 849 466 898 *feodam
501 850 683 896 firmam
719 850 997 896 dimiserunt
1033 847 1327 896 Christofero
1361 848 1526 905 Eliott,
1565 849 1623 896 de
1659 847 1770 895 villa
1815 859 1861 896 et

253 929 394 993 portu
429 917 656 992 predicto,
700 916 908 974 botcher,
944 933 1086 963 unam
1126 916 1302 980 peciam
1341 927 1463 963 terre
1494 932 1602 962 cum
1643 914 1863 962 omnibus

249 985 343 1032 suis
367 983 679 1048 pertinenciis,
696 984 930 1049 jacentem
954 994 1001 1031 et
1024 983 1301 1031 existentem
1325 981 1447 1029 infra
1464 982 1727 1030 libertatem
1750 981 1862 1029 ville

250 1063 296 1099 et
334 1062 499 1116 portus
538 1052 705 1098 Dovor
740 1051 946 1115 predicte
987 1050 1036 1097 in
1073 1051 1273 1098 Morens
1296 1049 1490 1108 Warde,
1530 1049 1653 1096 inter
1687 1060 1859 1096 terram

251 1119 442 1166 domine
465 1118 639 1182 regine,
666 1129 878 1165 vocatam
903 1119 950 1164 A
981 1117 1271 1182 Myllhouse,
1298 1117 1442 1164 modo
1477 1116 1525 1163 in
1550 1117 1861 1180 occupacione

251 1185 412 1248 Jacobi
452 1185 645 1241 Smithe,
677 1202 837 1232 versus
873 1185 1163 1232 northwest·
1153 1221 1165 1242 ‚
1215 1195 1262 1231 et
1310 1195 1633 1231 tenementum
1670 1200 1727 1229 ex
1768 1200 1861 1230 una

252 1264 382 1316 parte
411 1252 624 1299 comunis
651 1251 808 1310 rivuli,
846 1251 998 1298 vocati
1030 1251 1072 1298 16
1104 1251 1422 1308 allmeshouse,
1455 1262 1501 1297 et
1536 1261 1859 1297 tenementum

250 1337 307 1367 ex
330 1320 473 1366 altera
496 1329 625 1382 parte
649 1318 806 1374 rivuli,
833 1318 983 1365 vocati
1002 1319 1044 1365 le
1067 1318 1388 1375 allmeshouse,
1405 1334 1563 1364 versus
1587 1317 1825 1364 southeast
1847 1333 1860 1374 ;

251 1398 297 1434 6(
341 1386 516 1450 regiam
562 1397 752 1433 stratam
800 1401 961 1432 versus
1008 1385 1280 1441 northeast3
1339 1396 1385 1431 et
1431 1385 1605 1448 regiam
1651 1395 1859 1442 stratam,

251 1465 465 1501 vocatam
508 1453 548 1499 le
595 1452 967 1509 ffisshemerkett,
1008 1469 1168 1499 versus
1207 1452 1500 1508 southwest;
1537 1468 1629 1515 qua
1668 1451 1861 1515 quidem

252 1521 379 1584 pecia
424 1530 544 1567 terre
602 1518 812 1566 continet
869 1519 916 1565 in
968 1518 1266 1584 longitudine
1311 1518 1369 1565 ad
1416 1529 1595 1582 partem
1635 1518 1775 1584 juxta
1819 1518 1862 1564 le

254 1587 591 1634 ffishemerkett
638 1586 805 1651 viginti
847 1597 1025 1650 septem
1067 1585 1223 1650 pedes,
1261 1596 1307 1632 6(
1354 1585 1411 1632 ad
1451 1596 1631 1649 partem
1669 1584 1860 1633 alteram

246 1655 385 1720 juxta
409 1653 585 1728 regiam
609 1663 800 1699 stratam
825 1653 1022 1717 triginta
1044 1665 1090 1700 6(
1115 1669 1256 1699 unam
1282 1652 1436 1716 pedes,
1462 1663 1507 1698 et
1533 1651 1579 1698 in
1615 1651 1862 1699 latitudine

253 1722 310 1768 ad
352 1732 531 1784 partem
549 1720 688 1785 juxta
711 1719 753 1766 16
777 1718 1084 1767 allmeshouse
1121 1720 1315 1784 triginta
1339 1719 1492 1782 pede3‚
1517 1730 1563 1766 et
1587 1719 1644 1766 ad
1669 1719 1860 1766 alteram

254 1799 434 1853 partem
459 1787 596 1852 juxta
621 1787 660 1833 le
697 1786 949 1834 millhouse
978 1787 1172 1852 triginta
1206 1786 1416 1850 quinque
1449 1785 1624 1849 pedes·
1663 1785 1861 1832 habend'

254 1868 300 1903 et
347 1853 535 1902 tenend'
596 1853 850 1917 predictam
910 1854 1086 1917 peciam
1146 1864 1266 1900 terre
1325 1869 1431 1899 cum
1489 1851 1708 1899 omnibus
1767 1852 1862 1899 suis

254 1920 550 1986 pertinenciis
575 1919 757 1984 prefato
782 1920 1078 1968 Christofero
1103 1920 1234 1967 Eliot
1268 1919 1426 1966 heredi
1432 1919 1516 1965 bus
1540 1932 1585 1966 6(
1621 1918 1862 1984 assignatis

253 1989 412 2047 suis,e
387 1999 433 2036 et
457 1988 514 2035 ad
540 2004 678 2034 usum
703 1987 846 2051 ipsius
872 1986 1151 2034 Christoferi
1182 1986 1312 2033 Eliot
1338 1987 1564 2033 heredum
1589 1998 1635 2033 et
1660 1987 1862 2051 assigna-

254 2068 411 2104 torum
454 2071 662 2112 suorum,
704 2070 789 2118 pro
825 2055 1029 2101 termino
1066 2053 1156 2119 xxj.
1205 2070 1449 2109 annorum,
1485 2064 1531 2100 et
1573 2052 1768 2100 ulterius
1804 2053 1862 2100 de

255 2123 344 2189 xxj.
373 2138 603 2169 annorum
629 2121 674 2167 in
700 2120 788 2186 xxj.
819 2138 1046 2168 annorum
1081 2131 1191 2168 tunc
1218 2120 1541 2184 proximorum
1566 2120 1860 2184 sequentium

255 2207 403 2255 usque
455 2188 502 2235 in
560 2188 700 2234 finem
759 2188 944 2234 termini
1003 2187 1205 2234 lxxxxix.
1248 2204 1478 2234 annorum
1537 2186 1861 2250 proximorum

254 2256 551 2321 sequentium
600 2265 705 2318 post
753 2255 915 2301 datum
970 2255 1252 2318 presentium
1303 2253 1502 2317 plenarie
1560 2253 1859 2317 complend':

254 2323 450 2371 faciend’
475 2321 583 2368 inde
603 2321 851 2368 servicium
875 2322 1063 2368 domine
1090 2332 1245 2367 nostre
1270 2321 1427 2385 regine
1452 2331 1497 2367 et
1523 2320 1865 2368 successoribus

257 2391 353 2438 suis
380 2388 638 2437 secundum
674 2389 1059 2436 consuetudinem
1097 2387 1204 2434 ville
1240 2388 1445 2451 predicte
1469 2404 1576 2434 cum
1612 2387 1861 2435 acciderit:

255 2469 302 2505 et
326 2456 549 2505 reddend'
567 2455 673 2502 inde
697 2456 934 2502 annuatim
963 2455 1136 2530 Majori
1161 2455 1283 2501 dicte
1311 2455 1419 2501 ville
1443 2455 1522 2518 qui
1544 2471 1630 2517 pro
1654 2466 1864 2517 tempore

257 2524 401 2571 fuerit
436 2535 482 2570 et
518 2520 790 2569 custodibus
826 2523 1035 2588 ejusdem
1073 2522 1119 2567 in
1156 2521 1297 2568 Festo
1333 2521 1691 2583 Assumpcionis
1727 2522 1865 2568 Beate

261 2592 412 2638 Marie
446 2588 656 2652 Virginis
695 2605 756 2635 vs.
798 2589 957 2653 legalis
1000 2599 1184 2635 monete
1223 2587 1424 2651 Anglie:
1464 2599 1510 2633 et
1548 2587 1583 2633 si
1624 2588 1864 2651 contingat
