2181 3155
396 208 489 254 224
876 196 1110 243 DovER
1149 196 1520 244 CHARTERS

1064 330 1110 380 L
1130 329 1187 380 X
1209 330 1266 380 X
1286 330 1326 381 1.

887 458 992 486 xxx
1021 445 1149 495 Julii,
1180 453 1233 497 25
1265 445 1497 488 Hen.V1.

393 549 588 595 SCIANT
637 561 870 612 presentes
917 561 961 596 et
999 548 1148 596 futuri
1198 550 1327 614 quod
1363 566 1467 624 ego,
1509 549 1787 613 Radulphus
1844 549 1997 605 Toke,

390 616 602 681 armiger,
643 616 801 681 Major
839 617 1008 663 Portus
1045 618 1274 674 Dovorre,
1318 634 1506 664 nomme
1541 627 1586 663 et
1628 633 1812 663 assensu
1849 616 1998 663 tocius

391 683 753 730 Communitatis
809 683 1016 748 ejusdem
1078 684 1247 731 Portus
1287 683 1441 731 dimisi
1491 683 1755 741 deliberavi,
1803 694 1864 741 et,
1918 682 1998 728 hac

390 751 589 813 presenti
629 761 751 797 carta
777 767 876 796 mea
911 750 1164 807 indentata‚
1190 751 1460 798 confirmavi
1487 750 1731 798 Willelmo
1757 750 1998 812 Hawkys-

391 817 535 874 welle,
561 817 744 874 clerico,
772 835 910 864 unam
949 818 1122 881 peciam
1161 830 1279 866 terre
1308 818 1540 884 jacentem
1579 817 1700 865 infra
1735 817 1996 864 libertatem

391 884 562 931 Portus
609 885 841 942 Dovorre,
888 895 934 931 et
986 884 1032 931 in
1083 885 1469 949 Horspolwarde,
1518 896 1659 950 prout
1711 885 1833 950 jacet
1879 884 1999 931 inter

391 952 584 1016 Regiam
619 962 808 999 stratam
844 969 1008 999 versus
1044 953 1200 1010 north,
1226 964 1272 1000 et
1308 964 1476 1000 terram
1510 952 1692 1000 Ricardi
1719 952 1998 999 Shortstrete

389 1018 529 1065 south
566 1029 612 1065 et
648 1030 775 1076 west,
800 1036 850 1065 ac
886 1019 1174 1084 mesuagium
1203 1019 1410 1085 ejusdem
1444 1019 1671 1066 Willelmi
1706 1035 1866 1066 versus
1894 1029 1993 1065 est:

388 1085 585 1132 habend'
622 1097 669 1134 et
706 1086 894 1133 tenend’
922 1087 1175 1150 predictam
1213 1098 1383 1134 terram
1420 1103 1525 1133 cum
1564 1087 1658 1134 suis
1700 1085 1998 1151 pertinenciis

389 1152 568 1216 prefato
592 1153 837 1200 Willelmo
874 1153 1123 1201 heredibus
1157 1165 1203 1201 et
1227 1154 1469 1218 assignatis
1504 1154 1628 1201 suis:
1670 1153 1865 1201 faciend'
1890 1152 1998 1199 inde

387 1219 635 1267 servicium
677 1221 855 1268 domini
907 1221 1049 1286 Regis
1087 1222 1341 1269 secundum
1391 1221 1778 1268 consuetudinem
1829 1220 2000 1267 Portus

388 1287 582 1350 predicti
609 1304 714 1334 cum
739 1288 972 1345 acciderit,
998 1305 1046 1335 ac
1079 1288 1165 1335 alia
1190 1288 1297 1336 inde
1329 1288 1523 1335 servicia
1556 1288 1713 1335 debita
1735 1299 1780 1334 et
1806 1288 1862 1334 de
1890 1287 1997 1352 jure

388 1365 638 1401 consueta:
693 1366 739 1402 et
787 1354 983 1402 ulterius
1030 1356 1138 1402 inde
1180 1355 1402 1402 reddend‘
1444 1355 1596 1402 eidem
1637 1354 1909 1418 Radulpho,
1950 1365 1997 1400 et

386 1422 727 1469 successoribus
750 1422 844 1469 suis
872 1422 1135 1487 Majoribus
1157 1423 1330 1469 Portus
1349 1423 1561 1486 predicti,
1581 1423 1661 1486 qui
1683 1439 1770 1485 pro
1788 1433 1997 1485 tempore

387 1501 525 1536 erunt
573 1489 618 1535 in
657 1488 833 1546 futuro,
881 1490 936 1536 ad
989 1491 1184 1537 Festum
1223 1490 1394 1537 Pasche
1441 1489 1637 1553 singulis
1683 1489 1813 1536 annis
1848 1505 1995 1535 unum

386 1556 629 1603 annualem
645 1556 883 1604 redditum
899 1557 1043 1604 trium
1064 1557 1361 1604 denariorum
1381 1556 1609 1613 solvend',
1634 1567 1679 1603 et
1699 1556 1734 1603 si
1755 1556 1996 1620 contingat

386 1623 565 1671 dictum
590 1623 832 1670 annualem
858 1624 1095 1671 redditum
1113 1624 1169 1671 ad
1194 1624 1375 1671 dictum
1401 1623 1571 1671 festum
1597 1634 1750 1670 aretro
1774 1622 1874 1670 fore
1900 1640 1994 1670 non

385 1690 594 1738 solutum
619 1708 698 1738 seu
724 1701 883 1754 postea
906 1708 986 1755 per
1011 1708 1156 1738 unum
1183 1708 1388 1739 mensem
1395 1693 1542 1766 .q¹.²⁰d
1569 1702 1681 1738 tunc
1704 1690 1882 1738 licitum
1907 1690 1995 1737 erit

386 1756 567 1821 prefato
593 1758 844 1822 Radulpho
878 1768 924 1805 et
958 1759 1299 1806 successoribus
1335 1758 1431 1805 suis
1455 1776 1502 1806 in
1540 1758 1795 1822 predictam
1821 1757 1994 1821 peciam

386 1837 507 1872 terre
531 1842 638 1872 cum
664 1826 756 1872 suis
792 1826 1088 1889 pertinenciis
1111 1826 1348 1884 reintrare,
1374 1836 1420 1872 et
1446 1825 1568 1872 illam
1595 1825 1768 1889 peciam
1795 1836 1914 1872 terre
1947 1825 1994 1871 in

386 1893 584 1955 pristino
642 1903 764 1940 statu
822 1910 907 1940 suo
976 1893 1190 1952 retinere,
1249 1893 1336 1940 hiis
1392 1892 1528 1940 cartis
1590 1892 1842 1940 indentatis
1901 1909 1994 1939 non

383 1959 690 2006 obstantibus.

490 2027 540 2072 In
583 2027 713 2091 cujus
754 2027 816 2074 rei
863 2027 1183 2074 testimonium
1233 2029 1311 2074 uni
1361 2028 1477 2090 parti
1525 2027 1716 2074 istarum
1765 2037 1993 2074 cartarum

386 2094 745 2150 indentatarum‚
806 2111 943 2158 penes
1000 2094 1230 2157 prefatum
1292 2095 1593 2157 Radulphum
1656 2094 1889 2159 Majorem
1947 2105 1993 2141 et

385 2177 669 2207 successores
703 2178 812 2207 suos
848 2162 1119 2217 remanenti,
1156 2162 1278 2208 idem
1317 2161 1584 2208 Willelmus
1619 2161 1822 2226 sigillum
1855 2178 1991 2207 suum

385 2229 614 2291 apposuit,
662 2227 789 2274 alteri
848 2246 961 2275 vero
1019 2228 1154 2292 parti,
1213 2245 1350 2291 penes
1408 2227 1640 2291 prefatum
1701 2227 1991 2275 Willelmum

389 2294 734 2359 Hawkyswelle
777 2295 1046 2352 remanenti,
1086 2295 1208 2342 idem
1255 2295 1531 2358 Radulphus
1581 2295 1739 2360 Major
1786 2294 1992 2359 sigillum

387 2362 525 2408 officii
552 2362 803 2426 majoratus
830 2363 999 2409 Portus
1026 2363 1218 2425 predicti
1247 2361 1355 2409 fecit
1382 2364 1564 2426 apponi.

489 2431 608 2475 Data
634 2430 848 2475 Dovorra
884 2430 1106 2492 predicta,
1132 2430 1392 2492 penultimo
1423 2430 1497 2476 die
1535 2428 1702 2475 niensis
1724 2428 1835 2488 Julii
1872 2445 1993 2475 anno

387 2496 516 2561 regni
546 2496 686 2560 Regis
713 2496 928 2554 Henrici,
947 2496 1062 2543 sexti
1089 2508 1194 2560 post
1224 2508 1530 2560 conquestum
1558 2495 1746 2560 Anglie,
1772 2495 1992 2543 vicesimo

386 2564 568 2627 quinto.

491 2632 539 2676 In
582 2631 716 2677 dorso.
790 2638 818 2655 “
840 2632 1000 2677 Rector
1035 2631 1205 2678 ecclesie
1242 2633 1387 2677 Sancti
1424 2629 1622 2678 Jacobi.”

386 2810 493 2875 [37]
