2181 3155
325 242 421 288 230
804 220 1041 268 DOVER
1080 216 1450 266 CHARTERS

970 421 1015 470 L
1034 419 1091 469 X
1109 419 1166 470 X
1187 418 1209 468 1
1228 417 1297 470 V.

775 537 834 589 iiij
868 533 1176 588 Septembris,
1206 543 1232 575 2
1264 532 1393 575 Edw.
1429 532 1505 574 IV.

331 647 449 694 HEC
493 645 742 691 indentura
788 652 985 688 testatur
1019 639 1147 704 quod
1191 639 1400 684 Thomas
1441 637 1584 691 Gore,
1637 636 1793 700 Major
1834 635 1943 681 ville

332 716 567 769 Dovorre,
593 711 802 757 Thomas
820 709 955 770 Pety‚
984 706 1207 753 Ricardus
1242 705 1465 762 Palmere,
1493 703 1718 750 Ricardus
1748 702 1947 766 Beregh,

330 792 376 828 et
425 779 695 825 Willelmus
753 776 984 831 Gustone,
1032 773 1266 820 Custodes
1323 772 1530 837 ejusdem
1591 770 1714 827 ville,
1761 785 1946 816 assensu

335 860 380 895 et
417 862 646 894 concensu
683 841 1050 890 Communitatis
1086 841 1293 906 ejusdem
1330 839 1438 886 ville
1475 838 1752 885 dimiserunt
1788 837 1948 884 libera·

336 925 506 962 verunt
559 923 620 968 et,
675 911 758 956 hac
816 908 1019 974 presenti
1070 919 1194 954 carta
1247 907 1500 962 indentata‚
1555 905 1950 952 confirmaverunt

338 981 551 1028 Waltero
593 978 789 1034 ffullere‚
836 977 895 1024 de
935 976 1113 1031 eadem,
1157 991 1302 1021 unum
1344 990 1544 1021 vacuum
1594 972 1813 1019 ffundum
1855 972 1951 1018 sive

338 1062 507 1097 terram
536 1047 770 1112 jacentem
806 1043 927 1090 infra
962 1043 1223 1090 libertatem
1260 1042 1432 1088 Portus
1468 1042 1685 1087 Dovorre
1721 1040 1768 1086 in
1806 1040 1954 1086 Dere-

341 1114 602 1164 manwarde
661 1113 781 1159 inter
839 1123 1010 1158 terram
1069 1110 1257 1156 Thome
1316 1109 1462 1171 Toky
1523 1124 1681 1154 versus
1738 1118 1848 1164 east,
1907 1117 1953 1152 et

342 1181 633 1246 mesuagium
692 1178 922 1242 Stephani
982 1177 1166 1224 Axsted
1226 1193 1386 1223 versus
1444 1175 1606 1230 north,
1665 1185 1710 1220 et
1761 1173 1953 1237 Regiam

341 1261 532 1298 stratam
579 1247 859 1311 exopposito
906 1261 1094 1291 murum
1144 1243 1250 1290 ville
1298 1260 1457 1289 versus
1515 1242 1676 1297 south,
1723 1253 1769 1288 et
1827 1257 1957 1287 com-

345 1333 535 1366 munem
583 1315 812 1362 venellam
851 1312 1025 1359 ibidem
1075 1328 1232 1357 versus
1268 1321 1407 1357 west:
1451 1309 1650 1355 habend‘
1685 1320 1731 1355 et
1768 1308 1955 1354 tenend'

345 1384 611 1450 predictum
671 1380 888 1428 ffundum
959 1379 1055 1426 sive
1114 1390 1283 1425 terram
1345 1394 1451 1424 cum
1509 1376 1604 1422 suis
1663 1375 1959 1438 pertinenciis

346 1451 529 1517 prefato
565 1449 783 1496 Waltero
811 1446 1060 1494 heredibus
1091 1456 1137 1492 et
1170 1445 1411 1510 assignatis
1444 1444 1537 1491 suis
1573 1443 1920 1507 imperpetuum
1948 1461 1955 1488 :

348 1517 561 1566 ffaciend’
609 1517 717 1563 inde
764 1514 1010 1561 servicium
1059 1512 1240 1560 domini
1290 1512 1430 1576 Regis
1476 1527 1581 1557 cum
1629 1510 1867 1566 acciderit,
1914 1521 1960 1556 et

349 1584 653 1634 nihilominus
688 1581 960 1646 capitalibus
994 1580 1199 1628 dominis
1235 1579 1429 1626 servicia
1461 1579 1568 1625 inde
1604 1577 1790 1624 debita:
1839 1577 1959 1624 Red-

349 1653 490 1701 dend’
517 1652 625 1698 inde
649 1649 887 1697 annuatim
923 1648 1098 1713 Majori
1132 1649 1349 1694 Dovorre
1380 1657 1425 1693 et
1458 1644 1730 1692 custodibus
1753 1644 1961 1710 ejusdem

351 1737 438 1785 pro
484 1731 695 1783 tempore
746 1715 1053 1763 existentibus
1092 1725 1138 1761 et
1196 1730 1360 1761 eorum
1407 1711 1746 1760 successoribus
1792 1712 1965 1776 imper-

353 1800 569 1852 petuum,
617 1796 726 1833 octo
772 1783 987 1831 denarios
1033 1781 1364 1846 sterlingorum
1406 1780 1453 1827 in
1502 1779 1655 1844 Vigile
1693 1779 1967 1827 Nativitatis

352 1856 482 1902 beate
543 1852 696 1900 Marie
754 1851 938 1915 Viginis
994 1849 1238 1897 solvend’:
1310 1859 1357 1895 et
1402 1848 1438 1894 si
1497 1847 1738 1911 contingat
1785 1847 1963 1894 dictum

353 1921 597 1969 annualem
631 1918 868 1966 redditum
904 1928 1013 1964 octo
1048 1916 1346 1964 denariorum
1384 1916 1439 1962 ad
1475 1914 1676 1979 aliquem
1714 1914 1966 1961 terminum

355 2007 451 2055 quo
491 1987 609 2035 solvi
653 1986 817 2034 debeat
858 1995 1011 2031 aretro
1051 1983 1167 2040 fore,
1209 1994 1380 2030 extunc
1432 1982 1546 2029 bene
1594 1981 1746 2028 licebit
1791 1982 1965 2047 Majori

357 2056 464 2103 ville
512 2057 729 2102 Dovorre
774 2062 821 2099 et
869 2051 1160 2100 Custodibus
1206 2051 1413 2115 ejusdem
1461 2066 1548 2112 pro
1593 2061 1804 2112 tempore
1849 2049 1965 2096 exis-

356 2122 563 2171 tentibus
604 2122 647 2167 in
699 2120 960 2184 predictum
1021 2118 1237 2165 ffundum
1287 2118 1382 2164 sive
1440 2129 1609 2164 terram
1658 2117 1827 2163 intrare
1873 2117 1970 2163 dis-

359 2192 581 2256 tringere,
623 2199 668 2234 et
706 2187 1024 2234 districciones
1071 2203 1123 2232 ea
1179 2185 1416 2232 occasione
1463 2195 1617 2247 captas
1654 2183 1881 2230 abducere
1922 2194 1966 2230 et

358 2258 564 2322 effugare
610 2271 853 2319 quousque
899 2254 957 2300 de
1005 2271 1061 2300 eo
1113 2252 1239 2316 quod
1282 2263 1434 2298 aretro
1475 2250 1615 2298 fuerit
1663 2251 1863 2314 plenarie
1910 2251 1968 2298 sit

356 2323 642 2372 satisfactum
678 2333 723 2368 et
760 2322 1063 2385 persolutum.

467 2392 519 2438 ln
545 2389 675 2451 cujus
699 2389 762 2435 rei
800 2387 1122 2435 testimonium
1151 2387 1227 2432 uni
1257 2386 1375 2449 parti
1414 2385 1550 2451 hujus
1575 2395 1694 2432 carte
1720 2385 1973 2443 indentate,

362 2475 500 2523 penes
541 2456 745 2521 prefatos
801 2456 1032 2520 Majorem
1080 2465 1125 2500 et
1168 2453 1382 2500 custodes
1425 2452 1696 2510 remanenti,
1738 2453 1972 2516 predictus

365 2527 602 2573 Walterus
637 2523 842 2587 sigillum
880 2540 1015 2569 suum
1053 2521 1284 2585 apposuit,
1335 2521 1463 2567 alteri
1513 2537 1626 2567 vero
1669 2520 1784 2583 parti
1834 2536 1974 2584 penes

365 2593 597 2658 prefatum
647 2590 911 2638 Walterum
960 2588 1233 2646 remanenti,
1281 2587 1485 2653 sigillum
1525 2586 1663 2633 officii
1710 2587 1973 2652 Majoratus

367 2664 580 2708 Dovorre
615 2669 683 2705 est
719 2674 988 2721 appensum.
