2181 3155
401 227 497 273 374
877 215 1111 263 DOVER
1146 215 1515 264 CHARTERS

1113 347 1298 402 CIX.

992 472 1012 504 1
1042 461 1187 514 Junii,
1220 472 1240 505 1
1274 461 1427 516 Μαι-7.

402 562 522 610 Hac
558 563 809 611 indentura
840 574 1038 611 testatur
1065 563 1197 627 quod
1225 563 1439 611 Thomas
1468 563 1665 628 ffynnet,
1705 565 1865 631 Major
1899 564 2007 615 ville

400 641 447 677 et
476 630 644 678 Portus
682 631 910 688 Dovorie,
935 631 984 677 in
1014 630 1255 677 Comitatu
1293 631 1484 688 Kancie‚
1507 632 1745 692 Johannes
1781 632 2005 692 Marbull,

399 698 637 758 Johannes
682 697 875 758 Robins,
922 697 1193 744 Willelmus
1239 698 1441 761 Geylles,
1488 709 1535 745 et
1575 699 1811 747 Robertus
1850 699 2006 759 Seller,

405 764 640 812 Custodes
680 765 803 811 dicte
844 764 969 822 ville,
1018 765 1291 811 unanimum
1333 765 1603 812 *assensum
1645 777 1691 813 et
1731 783 2008 815 concensum

403 832 551 878 totius
576 831 942 879 Communitatis
975 831 1186 896 ejusdem
1218 832 1328 878 ville
1360 833 1655 880 tradiderunt
1685 845 2009 882 concesserunt

403 911 451 945 et
486 899 542 945 ad
571 898 727 946 *fiodi
751 899 933 946 firmam
958 899 1237 946 dimiserunt
1260 899 1510 946 Anthonio
1534 901 1691 947 Reade
1727 901 1785 948 de
1820 901 1931 948 villa
1962 912 2008 949 et

405 977 546 1030 portu
572 966 768 1013 Dovore
792 966 1012 1029 predicte,
1040 982 1252 1030 yeoman,
1279 983 1419 1013 unam
1441 983 1631 1014 vacuam
1651 967 1677 993 ³*
1693 967 1870 1031 placem
1890 978 2008 1015 terre

406 1050 513 1080 cum
555 1033 774 1080 omnibus
814 1033 908 1080 suis
954 1033 1267 1096 pertinenciis,
1310 1034 1631 1081 continentem
1673 1034 1720 1081 in
1762 1035 2009 1083 latitudine

406 1101 567 1148 *duos
605 1112 749 1148 metas
784 1101 922 1148 rodas
960 1111 1079 1147 terre
1117 1112 1164 1148 et
1201 1100 1496 1148 *demidiam
1534 1101 1696 1148 rodam
1732 1113 1867 1158 terre,
1892 1102 2009 1150 etin

405 1167 705 1232 longitudine
733 1168 942 1232 quinque
977 1168 1113 1215 rodas
1138 1179 1273 1228 terre,
1298 1168 1506 1233 jacentes
1529 1179 1574 1215 et
1612 1168 1859 1216 existentes
1893 1167 2012 1216 infra

406 1234 669 1282 libertatem
698 1235 808 1282 ville
832 1247 877 1282 et
903 1245 1067 1298 portus
1092 1236 1303 1282 Dovorie
1329 1235 1534 1299 predicte
1558 1236 1680 1283 inter
1703 1236 1867 1283 *terre
1890 1236 2011 1284 dicte

408 1301 516 1349 ville
555 1303 699 1350 modo
727 1302 775 1348 in
804 1302 1083 1365 ocupatione
1110 1302 1282 1367 Rogeri
1310 1302 1471 1349 Wood
1495 1319 1658 1350 versus
1681 1304 2011 1364 sowtheweast,

407 1380 454 1417 et
472 1369 498 1394 *
513 1380 634 1416 terre
652 1369 761 1416 ville
777 1370 982 1433 predicte
1002 1370 1146 1417 modo
1165 1370 1212 1416 in
1231 1369 1511 1433 ocupatione
1535 1369 1802 1417 Willelmus
1827 1371 2012 1418 Burden

409 1453 571 1483 versus
630 1437 884 1497 northeast‚
938 1448 984 1484 et
1046 1437 1243 1500 Regiam
1303 1437 1426 1483 viam
1476 1454 1637 1484 versus
1692 1439 2011 1495 northeweast‚

408 1515 455 1551 et
490 1504 613 1568 ripas
648 1504 787 1550 maris
821 1520 983 1551 versus
1015 1504 1278 1560 sowtheast‚
1305 1503 1550 1551 HABEND'
1580 1521 1640 1551 ET
1665 1505 1885 1552 TENEND’
1911 1521 2014 1568 pre·

410 1571 583 1618 dictam
615 1588 807 1618 vacuam
843 1571 1060 1634 *placem
1087 1582 1206 1618 terre
1231 1588 1338 1617 cum
1363 1571 1578 1618 omnibus
1603 1571 1696 1618 suis
1720 1572 2016 1647 pertinenciis

411 1637 590 1701 prefato
614 1638 864 1685 Anthonio
889 1639 1060 1696 Reade,
1086 1638 1333 1685 heredibus
1356 1649 1403 1685 et
1432 1639 1673 1702 assignatis
1696 1639 1805 1695 suis,
1839 1657 1864 1686 a
1896 1637 2015 1687 festo

411 1705 560 1752 Sancti
603 1705 851 1751 Michaelis
895 1705 1194 1781 Archangeli,
1232 1706 1403 1752 ultimo
1438 1705 1666 1769 preterito
1711 1717 1816 1753 ante
1861 1706 2013 1753 datam

412 1772 712 1836 presentium,
750 1773 806 1820 de
847 1789 970 1819 anno
1011 1773 1058 1819 in
1094 1790 1268 1819 annum
1307 1790 1402 1819 uno
1444 1784 1549 1836 post
1590 1773 1732 1819 alium
1774 1789 1922 1837 usque
1958 1772 2014 1821 ad

412 1841 552 1886 finem
587 1850 633 1886 et
657 1840 912 1886 terminum
948 1839 1152 1886 lxxxxix.
1186 1857 1416 1886 annorum
1454 1857 1509 1886 ex
1545 1851 1658 1887 tunc
1693 1840 2014 1916 proximorum

411 1906 706 1971 sequentium
743 1918 789 1953 et
824 1907 1023 1969 plenarie
1058 1906 1355 1970 complend':
1395 1905 1592 1953 faciend'
1629 1907 1736 1954 inde
1771 1907 2014 1954 servitium

414 1974 604 2020 domine
639 1985 794 2020 nostre
821 1974 996 2038 Regine
1031 1985 1076 2020 et
1111 1945 1449 2020 successoribus
1484 1973 1577 2020 suis
1612 1960 1870 2021 secundum
1906 1991 2016 2021 con·-

414 2041 711 2087 suetudinem
758 2053 922 2104 portus
980 2041 1188 2086 Dovorie
1244 2041 1448 2104 predicte
1503 2057 1609 2086 cum
1657 2041 1905 2088 acciderit:
1965 2056 2014 2087 ac

414 2108 554 2154 etiam
613 2107 839 2154 reddend'
897 2119 944 2154 et
1001 2107 1212 2154 solvend’
1272 2108 1378 2154 inde
1437 2107 1675 2154 annuatim
1737 2108 1913 2173 Majori
1970 2117 2016 2155 et

417 2173 704 2222 Custodibus
745 2174 866 2222 dicte
907 2173 1032 2232 ville,
1059 2174 1141 2238 qui
1167 2186 1279 2221 tunc
1316 2191 1402 2237 pro
1439 2186 1649 2238 ternpore
1684 2173 1932 2231 *fuerunt,
1969 2174 2016 2222 in

417 2241 538 2289 festo
554 2241 906 2304 Assumptionis
923 2240 1052 2288 beate
1073 2241 1226 2288 Marie
1248 2241 1454 2305 Virginis
1472 2242 1730 2288 duodecem
1756 2242 1781 2266 ¹*
1797 2242 2018 2289 denareos

417 2327 505 2374 pro
545 2309 727 2356 annuali
769 2309 962 2356 reditu:
1016 2319 1060 2355 et
1102 2309 1137 2354 si
1180 2308 1422 2372 contingat
1453 2309 1726 2384 ’predictum
1773 2308 2017 2357 annualem

417 2377 621 2423 reditum
660 2376 717 2422 de
754 2375 861 2440 xijd.
899 2376 955 2422 ad
994 2375 1162 2422 festum
1200 2375 1289 2421 vell
1330 2376 1581 2422 terminum
1621 2376 1883 2439 predictum
1924 2391 2019 2441 quo

418 2443 535 2491 solvi
562 2443 727 2490 debeat
752 2455 903 2489 aretro
937 2442 1068 2489 fore
1060 2461 1105 2488 1n
1133 2454 1260 2506 parte
1298 2443 1421 2489 vell
1413 2461 1457 2489 in
1485 2455 1588 2489 toto
1620 2443 1743 2489 ultra
1767 2443 2018 2490 terminum

420 2511 680 2574 predictum
724 2527 804 2572 per
845 2510 1045 2573 spatium
1090 2510 1229 2556 XV¹¹¹
1270 2510 1470 2567 dierum,
1514 2521 1624 2556 tunc
1660 2509 1909 2557 licitum*
1924 2519 2019 2557 erat

422 2578 597 2642 Majori
633 2589 678 2624 et
715 2577 1004 2624 Custodibus
1038 2576 1147 2625 ville
1184 2577 1387 2640 predicte
1423 2577 1500 2641 qui
1540 2589 1651 2624 tunc
1688 2594 1772 2640 pro
1811 2589 2021 2641 tempore

419 2646 445 2671 *
461 2645 652 2692 fuerunt
678 2645 723 2690 in
746 2644 1001 2708 predictam
1023 2661 1213 2691 vacuam
1235 2645 1410 2707 placem
1432 2656 1552 2690 terre
1571 2661 1677 2691 cum
1695 2644 1911 2691 omnibus
1929 2643 2021 2691 suis

419 2712 714 2777 pertinenciis
762 2713 817 2759 ad
861 2728 1269 2776 quorumcumque
1323 2728 1486 2758 manus
1531 2711 1753 2770 evenerit,
1801 2711 2019 2759 reintrare
