2181 3155
457 257 472 286 1
487 244 541 286 82
930 237 1169 285 DOVER
1207 236 1579 284 CHARTERS

1142 369 1188 418 L
1205 368 1262 418 X
1282 368 1303 418 1
1326 368 1366 418 1.

947 486 996 526 xi
1027 485 1259 536 Octobris,
1289 483 1316 524 8
1348 483 1467 526 Hen.
1499 483 1576 526 VI.

453 589 738 639 ΝονεκιΝτ
780 589 983 636 universi
1033 606 1113 652 per
1162 599 1395 652 presentes
1441 604 1527 644 me,
1572 587 1835 648 Johannem
1882 588 2065 651 Barley,

454 657 602 704 civem
639 669 684 704 et
722 656 1020 732 pelliparium
1059 655 1322 712 Londonie‚
1359 656 1506 702 teneri
1543 667 1589 702 et
1626 655 1822 701 firmiter
1869 654 2064 720 obligari

452 724 653 785 Johanni
692 724 845 788 Lyng,
871 725 960 770 civi
997 735 1042 770 et
1080 723 1302 787 pannario
1339 722 1601 779 Londonie,
1627 723 1674 768 in
1710 723 2066 786 quatuordecim

454 791 582 837 libris
620 792 950 855 sterlingorum
989 791 1197 837 solvend'
1236 790 1388 837 eidem
1426 790 1627 851 Johanni
1668 789 1823 853 Lyng,
1860 801 1940 836 aut
1981 806 2067 836 suo

454 870 582 905 certo
617 870 869 915 attornato,
895 858 1142 904 heredibus
1176 874 1256 903 seu
1293 858 1619 904 executoribus
1654 857 1760 912 suiS,
1801 857 1956 919 primo
1992 857 2068 903 die

458 926 577 971 Maii
604 926 819 988 proximo
854 924 1018 972 futuro
1055 936 1160 988 post
1185 925 1346 971 datum
1385 925 1674 988 presencium
1711 925 1808 970 sine
1844 924 2066 971 dilatione

457 992 686 1048 ulteriori,
706 993 761 1039 ad
789 1009 929 1056 quam
955 991 1144 1056 quidem
1177 992 1478 1049 solucionem,
1506 1005 1556 1038 ut
1583 992 1855 1055 predicitur,
1883 991 1996 1038 bene
2020 1004 2067 1039 et

456 1059 654 1106 fideliter
701 1059 898 1106 faciend'
941 1059 1101 1124 obligo
1155 1076 1227 1105 me
1269 1059 1399 1105 heres
1440 1071 1484 1106 et
1527 1071 1796 1106 executores
1844 1076 1970 1106 meos
2017 1076 2067 1105 ac

454 1127 611 1173 omnia
634 1126 755 1174 bona
778 1144 879 1173 mea
903 1126 1186 1190 ubicumque
1212 1125 1385 1173 fuerint
1411 1127 1600 1173 inventa
1624 1144 1706 1190 per
1731 1138 1976 1190 presentes.

556 1194 609 1240 In
657 1195 787 1260 cujus
833 1195 897 1240 rei
946 1194 1267 1241 testimonium
1316 1194 1607 1258 presentibus
1653 1194 1860 1258 sigillum
1909 1211 2066 1240 meum

453 1261 662 1325 apposui.

556 1330 677 1375 Data
713 1329 962 1375 undecimo
996 1328 1071 1375 die
1096 1327 1320 1375 Octobris
1355 1345 1479 1375 anno
1515 1329 1644 1393 regni
1678 1328 1820 1392 Regis
1848 1328 2066 1383 Henrici,

455 1397 569 1442 sexti
597 1408 701 1459 post
727 1408 1051 1460 conquestum,
1080 1407 1259 1442 octavo.

461 2115 604 2179 [136]
