2181 3155
429 228 519 273 180
902 225 1141 273 DOVER
1180 224 1555 272 CHARTERS

423 361 657 417 Dovorre,
700 361 734 405 si
786 376 964 406 necesse
1007 358 1166 414 fuerit,
1209 358 1363 405 debita
1411 358 1769 421 compellantur,
1810 369 1855 404 et
1903 357 2032 422 quod

422 427 578 474 omnia
624 427 782 474 catalla
828 428 1061 473 Baronum
1108 437 1153 472 et
1203 425 1418 481 aliorum,
1461 426 1556 471 sive
1597 436 1728 472 extra
1773 424 2033 471 libertatern

423 493 597 541 fuerint
621 494 716 541 sive
741 492 872 550 infra,
895 511 987 558 que
1013 510 1098 556 pro
1124 492 1310 557 navigio
1335 503 1379 538 et
1404 492 1600 539 servicio
1625 491 1846 556 predictis
1871 508 2035 538 manu-

425 561 623 608 tenenda
646 573 692 608 et
717 559 926 609 facienda
950 571 1165 607 taxentur
1197 560 1254 606 ad
1292 559 1474 622 tallagia
1509 576 1588 605 seu
1625 559 1710 606 alia
1746 576 1885 606 onera
1919 575 2035 622 que-

425 646 642 693 cumque,
669 645 774 675 cum
800 628 932 675 bonis
955 639 1001 674 et
1026 626 1198 674 catallis
1228 627 1473 673 hominurn
1509 625 1848 673 forinsecorum
1886 625 2035 672 nulla-

427 708 562 743 tenus
614 707 863 751 taxentur;
919 712 1094 758 nosque
1147 705 1291 740 cartas
1344 693 1441 740 illas
1491 710 1572 757 per
1614 705 1784 740 cartam
1828 704 2035 740 nostram

427 763 837 810 confirmavimus:
906 774 952 808 et
1011 761 1206 808 ulterius
1263 761 1588 819 concessimus,
1650 777 1736 824 pro
1796 759 1929 807 nobis
1987 770 2034 806 et

428 830 675 878 heredibus
713 829 896 885 nostriS,
935 829 1111 876 eisdem
1157 827 1413 875 Baronibus
1452 839 1675 890 portuum
1715 827 2035 891 predictorum

428 898 556 962 quod
582 897 721 943 licet
714 896 798 971 ipsi
824 896 895 942 vel
922 906 1230 942 antecessores
1254 895 1322 942 sui
1347 895 1500 960 aliqua
1525 895 1595 941 vel
1630 894 1861 959 aliquibus
1897 893 2036 941 liber-

428 976 579 1012 tatum
608 976 654 1010 et
691 962 1057 1027 quietanciarum
1096 962 1142 1008 in
1180 962 1316 1010 dictis
1354 962 1488 1009 cartis
1525 974 1847 1009 contentarum
1881 961 2037 1025 aliquo

429 1049 534 1078 casu
558 1041 825 1094 emergente
851 1029 984 1093 plene
1010 1029 1214 1093 usi[tati]
1238 1028 1411 1076 fuerint
1430 1029 1570 1076 iidem
1593 1040 1744 1076 tamen
1767 1031 1969 1076 Barones
1988 1046 2036 1075 ac

429 1115 591 1146 eorum
629 1098 818 1145 heredes
853 1107 898 1144 et
934 1113 1217 1144 successores
1254 1096 1542 1144 libertatibus
1567 1108 1612 1143 et
1637 1096 1908 1161 quietanciis
1933 1113 2038 1160 pre-

429 1166 566 1213 dictis
590 1175 636 1212 et
660 1181 818 1211 earum
844 1164 1051 1228 qualibet
1074 1164 1306 1228 gaudeant
1330 1175 1375 1210 et
1402 1175 1609 1221 utantur,
1635 1164 1731 1210 sine
1755 1164 1937 1210 accione
1964 1163 2036 1209 vel

429 1232 769 1297 impedimento
794 1232 955 1289 nostri,
983 1232 1053 1278 vel
1081 1231 1303 1278 heredum
1330 1242 1616 1287 nostrorum,
1645 1231 2037 1292 Justiciariorum,

430 1301 752 1356 Escaetorum,
766 1299 1125 1354 Vicecomitum,
1144 1309 1222 1345 aut
1241 1299 1440 1344 aliorum
1459 1298 1744 1344 Ballivorum
1763 1315 1842 1344 seu
1865 1297 2040 1344 Minis-

429 1379 612 1415 trorum
640 1377 928 1422 nostrorum,
956 1366 1027 1412 vel
1053 1336 1276 1413 heiedum
1317 1376 1586 1412 nostrorum
1611 1382 2036 1430 quorumcumque,

431 1445 573 1498 prout
597 1434 643 1480 in
669 1434 803 1480 cartis
827 1444 872 1480 et
897 1432 1254 1480 confirmacione
1279 1432 1499 1495 predictis
1535 1432 1718 1495 plenius
1751 1432 2035 1479 continetur.

431 1502 577 1549 Vobis
630 1501 902 1547 mandamus
951 1500 1079 1563 quod
1122 1499 1334 1547 homines
1375 1499 1591 1546 villarum
1632 1499 1690 1546 de
1734 1501 1950 1564 Mergate
1991 1511 2036 1545 et

431 1568 706 1625 Gorisende‚
752 1585 800 1614 ac
850 1567 1061 1614 homines
1096 1566 1418 1631 parochiarum
1467 1568 1744 1614 Sanctorum
1797 1567 2039 1628 Johannis,

433 1637 574 1693 Petri,
644 1634 880 1692 Nicholai‚
939 1645 986 1681 et
1054 1634 1286 1681 Omnium
1350 1634 1625 1681 Sanctorum
1685 1635 1742 1681 de
1813 1635 2040 1697 Birchyn-

430 1714 557 1761 tone,
596 1702 752 1749 Wode
777 1703 823 1748 in
851 1702 1006 1748 Insula
1037 1701 1095 1748 de
1132 1701 1366 1759 ThanetO,
1405 1712 1451 1748 et
1490 1701 1702 1748 homines
1738 1701 1794 1748 de
1822 1702 2039 1766 Kynges-

431 1771 568 1828 done,
609 1781 654 1816 et
696 1769 753 1816 de
796 1769 1011 1833 parochia
1050 1768 1108 1815 de
1151 1767 1440 1833 Ryngewold
1472 1768 1610 1833 juxta
1635 1769 1919 1825 Dovorram‚
1946 1786 2039 1833 que

430 1849 540 1886 sunt
582 1836 790 1884 membra
830 1847 878 1882 et
918 1836 1197 1883 advocantes
1241 1837 1412 1882 Portus
1449 1837 1700 1883 Dovorre:
1756 1837 2039 1900 eosdemque

432 1905 643 1952 homines
679 1904 959 1951 advocantes
994 1920 1041 1950 se
1079 1903 1137 1950 de
1175 1904 1335 1950 eadem
1368 1902 1591 1960 libertate,
1616 1915 1662 1950 et
1687 1920 1847 1950 eorum
1874 1920 2040 1968 quem-

431 1973 561 2029 libet,
599 1972 656 2018 de
694 1969 967 2045 hujusmodi
1007 1970 1270 2027 theoloneo,
1309 1970 1661 2028 consuetudine,
1708 1970 1914 2045 lastagio‚
1955 1970 2041 2017 tal-

433 2041 568 2105 lagio,
596 2055 820 2103 passagio,
846 2037 1044 2102 cayagio,
1074 2037 1268 2101 rivagio,
1294 2055 1318 2083 a
1342 2038 1580 2102 pontagio‚
1606 2049 1651 2085 et
1681 2055 1807 2084 omni
1834 2055 1968 2094 wrec,
1993 2049 2040 2084 et

432 2108 489 2154 de
515 2117 612 2154 tota
636 2104 908 2152 vendicione
932 2105 1094 2151 achato
1116 2115 1161 2151 et
1191 2105 1377 2151 rechato
1400 2121 1499 2162 suo,
1520 2122 1600 2168 per
1626 2116 1772 2152 totam
1797 2116 1968 2152 terram
1993 2116 2038 2152 et

433 2184 712 2238 potestatem
753 2183 973 2229 nostram,
1013 2188 1119 2218 cum
1157 2188 1287 2218 socca
1326 2183 1371 2218 et
1411 2189 1551 2229 sacca,
1589 2183 1635 2218 et
1675 2172 1772 2218 thol
1811 2183 1855 2218 et
1895 2173 2039 2229 them,

433 2240 628 2303 wrecfry
653 2251 700 2287 et
723 2237 943 2301 wittefry,
963 2249 1009 2285 et
1034 2238 1281 2303 lestagefry
1304 2250 1350 2285 et
1382 2237 1670 2302 lovecopfry,
1690 2250 1735 2286 et
1754 2239 1811 2286 de
1836 2239 1971 2286 shiris
1994 2250 2040 2286 et

433 2307 702 2364 hundredis,
737 2306 921 2371 quietos
955 2322 1050 2352 esse
1086 2305 1381 2369 permittatis,
1407 2305 1544 2370 juxta
1573 2317 1783 2353 tenorem
1809 2318 2037 2354 cartarum

433 2388 479 2423 et
503 2373 872 2422 confirmacionis
897 2373 1230 2436 predictorum,
1257 2390 1306 2419 ac
1332 2372 1470 2435 ipsos,
1506 2390 1585 2420 seu
1621 2391 1784 2420 eorum
1821 2373 1876 2420 ali
1917 2391 2039 2431 ueni,

435 2444 481 2489 in
508 2443 656 2490 assisis
674 2441 845 2506 juratis
869 2457 947 2486 seu
973 2439 1374 2504 recognicionibus
1409 2440 1645 2505 aliquibus
1681 2441 1857 2488 ratione
1882 2392 2041 2488 ciorin-

433 2528 531 2557 sece
570 2522 733 2557 tenure
768 2526 846 2554 sue
883 2524 1037 2554 coram
1076 2507 1206 2554 vobis
1242 2507 1449 2570 capiend’
1488 2525 1579 2554 non
1618 2509 1799 2571 ponatis
1823 2525 1900 2555 seu
1928 2509 2036 2572 poni

434 2578 624 2634 faciatis,
663 2587 824 2622 contra
862 2587 1069 2621 tenorem
1109 2585 1333 2622 cartarum
1373 2586 1417 2621 et
1457 2575 1827 2622 confirmacionis
1860 2577 2043 2639 predic-

435 2657 601 2700 tarum,
633 2661 713 2690 nec
739 2643 862 2706 ipsos
886 2659 965 2688 seu
994 2658 1158 2688 eorum
1193 2641 1393 2705 aliquem
1431 2654 1592 2688 contra
1628 2653 1836 2689 tenorem
1873 2660 2041 2690 earun-

434 2714 542 2761 dem
569 2710 820 2758 molestetis
845 2710 888 2754 in
915 2709 1083 2773 aliquo,
1112 2726 1189 2755 seu
1221 2709 1437 2773 gravetis.

535 2781 680 2826 Teste
703 2797 710 2824 :
751 2777 979 2838 Johanne,
1006 2777 1121 2823 duce
1149 2775 1425 2831 Bedeforde,
1453 2776 1659 2824 Custode
1686 2776 1874 2840 Anglie,
1913 2778 2036 2841 apud

439 2847 637 2893 Westm.
667 2845 726 2909 xij
755 2845 828 2891 die
854 2843 1076 2890 Octobris
1101 2861 1222 2890 anno
1248 2843 1376 2907 regni
1407 2844 1550 2889 nostri
1578 2844 1734 2892 tercio,

442 2983 460 3045 [
533 2914 734 3044 ][Duppl.
768 2911 1059 2974 Gaunstede]

475 2997 525 3041 ¹7
