2192 3342
469 270 483 301 1
502 270 517 300 1
528 274 558 314 4
941 254 1174 304 DOVER
1210 255 1577 304 CHARTERS

1085 454 1142 504 X
1160 454 1217 505 X
1235 454 1292 505 X
1309 454 1361 505 V
1379 455 1402 506 1
1423 455 1463 508 1.

1017 588 1067 630 ix
1094 587 1123 639 J
1128 587 1223 640 ulii,
1256 594 1306 641 15
1337 587 1436 632 Ric.
1470 588 1531 631 11.

465 707 663 754 ΝοΤυΜ
720 707 778 753 sit
829 707 1047 754 omnibus
1087 707 1224 754 istam
1265 707 1562 755 indenturam
1604 706 1902 754 cernentibus
1943 705 2071 771 quod

462 775 698 835 Johannes
735 773 879 831 Giles,
921 774 1081 838 Major
1119 774 1230 821 ville
1273 776 1505 832 Dovorre,
1533 774 1722 822 nomine
1751 774 1903 822 tocius
1927 773 2073 820 Com—

467 841 709 888 munitatis
745 840 955 905 ejusdem
994 841 1119 901 ville,
1158 841 1351 889 tradidit
1389 843 1445 890 ad
1484 841 1610 890 feodi
1650 841 1833 888 firmam
1870 839 2073 902 Johanni

469 910 634 966 Boner‚
661 919 813 964 naute,
853 908 910 955 de
946 909 1179 966 Dovorra,
1218 909 1451 974 quandam
1475 910 1678 972 placeam
1703 920 1825 956 terre
1841 908 2074 974 jacentem

466 975 587 1022 infra
610 974 872 1022 libertatem
898 986 1063 1038 portus
1095 976 1314 1023 Dovorre
1351 977 1399 1023 in
1437 976 1718 1034 Delfwarde,
1753 976 1873 1023 inter
1901 986 2073 1022 terram

465 1041 691 1104 Johannis
716 1043 905 1105 Monyn
929 1059 1090 1090 versus
1119 1043 1373 1102 northeast,
1398 1055 1444 1091 et
1474 1055 1641 1090 terram
1666 1043 1894 1105 Johannis
1916 1041 1991 1089 Of
1997 1041 2075 1088 ber

467 1127 628 1157 versus
661 1110 932 1168 southwest,
957 1121 1003 1156 et
1028 1110 1318 1175 mesuagium
1344 1111 1456 1158 dicti
1481 1111 1706 1172 Johannis
1731 1127 1890 1158 versus
1915 1109 2077 1156 north-

470 1188 595 1235 west,
636 1187 682 1223 et
721 1188 892 1224 terram
931 1178 1158 1224 heredum
1197 1178 1324 1225 Petri
1365 1179 1521 1225 Reade
1561 1195 1720 1225 versus
1768 1177 2072 1225 southeasth:

470 1244 666 1290 habend’
691 1255 737 1291 et
762 1243 950 1291 tenend’
977 1245 1233 1308 predictam
1258 1244 1460 1309 placeam
1486 1257 1607 1293 terre
1631 1262 1738 1292 cum
1782 1242 2080 1321 pertinenciis

467 1312 562 1358 suis
604 1309 786 1374 prefato
825 1311 1046 1372 Johanni,
1088 1311 1338 1359 heredibus
1383 1324 1428 1359 et
1470 1313 1712 1377 assignatis
1753 1313 1861 1370 suis,
1905 1312 2078 1375 imper-

471 1389 702 1453 petuum:
775 1377 971 1426 faciend'
1041 1379 1151 1426 inde
1211 1379 1459 1426 servicium
1517 1379 1698 1427 domini
1756 1380 1877 1444 regis
1928 1394 2076 1442 quum

470 1445 677 1493 evenerit
700 1446 956 1492 secundum
982 1446 1368 1494 consuetudinem
1401 1457 1566 1510 portus
1599 1446 1871 1511 supradicti,
1898 1462 2078 1492 necnon

471 1512 654 1576 capitali
695 1512 890 1560 domino
931 1511 1057 1560 feodi
1098 1513 1225 1560 illius
1266 1512 1423 1560 omnia
1458 1513 1649 1560 servicia
1689 1513 1848 1561 debita
1885 1513 1993 1560 inde
2033 1523 2080 1559 et

470 1590 720 1627 consueta:
761 1592 806 1626 et
831 1579 1056 1627 reddend’
1082 1580 1191 1627 inde
1216 1581 1454 1627 annuatim
1490 1581 1696 1644 predicte
1733 1579 2078 1628 Communitati

473 1664 621 1694 unum
645 1647 924 1693 denarium
915 1665 963 1693 1n
988 1646 1109 1694 festo
1133 1647 1283 1695 Sancti
1308 1647 1535 1709 Johannis
1564 1648 1803 1711 Baptiste;
1840 1658 1887 1695 et
1910 1663 2080 1712 quum-

473 1731 658 1779 cunque
694 1714 904 1777 predicta
938 1731 1090 1761 annua
1119 1714 1252 1762 firma
1279 1726 1433 1762 aretro
1456 1713 1600 1762 fuerit
1625 1715 1784 1779 aliquo
1807 1731 1932 1762 anno
1958 1714 2081 1761 ultra

474 1781 728 1829 terminum
767 1781 1031 1845 predictum
1069 1799 1150 1846 per
1188 1798 1337 1829 unum
1375 1799 1550 1829 annum
1589 1793 1701 1830 tunc
1732 1782 1866 1830 liceat
1903 1780 2079 1847 Majori

472 1849 581 1896 ville
620 1848 840 1924 predicte,
878 1848 959 1913 qui
1002 1866 1089 1913 pro
1113 1860 1326 1913 tempore
1350 1848 1510 1908 fuerit,
1537 1849 1709 1897 dictam
1735 1849 1936 1914 placeam
1961 1860 2081 1896 terre

473 1933 580 1963 cum
607 1915 905 1979 pertinenciis
928 1916 1036 1972 suis,
1062 1916 1119 1963 ad
1144 1933 1557 1982 quorumcumque
1590 1933 1755 1964 manus
1790 1917 2080 1980 inposterum

474 1982 731 2040 devenerit,
770 1983 1021 2047 reingredi,
1061 1983 1299 2041 reintrare,
1341 1995 1387 2031 et
1424 1983 1609 2048 pacifice
1645 1984 1880 2047 possidere
1914 1983 2000 2030 sibi
2035 1993 2083 2029 et

477 2050 815 2097 successoribus
860 2050 953 2096 suis
999 2051 1379 2115 imperpetuum:
1430 2051 1494 2098 Et
1537 2052 1776 2114 predictus
1814 2050 1988 2116 Major,
2036 2061 2083 2096 et

477 2134 759 2164 successores
804 2117 892 2174 sui,
940 2134 990 2164 ac
1048 2118 1374 2165 Communitas
1432 2119 1653 2182 predicta,
1712 2117 2083 2166 warantizabunt

479 2185 736 2249 predictam
774 2184 976 2248 placeam
1014 2196 1136 2231 terre
1174 2201 1280 2232 cum
1319 2185 1616 2249 pertinenciis
1652 2185 1836 2249 prefato
1863 2184 2083 2247 Johanni,

480 2251 727 2299 heredibus
762 2263 808 2298 et
832 2251 1074 2316 assignatis
1099 2252 1207 2310 suiS‚
1246 2253 1292 2299 in
1317 2251 1469 2300 forma
1493 2253 1712 2316 predicta,
1739 2264 1899 2301 contra
1922 2268 2085 2300 omnes

478 2330 650 2384 gentes.

583 2387 636 2432 In
675 2385 808 2451 cujus
845 2386 908 2432 rei
948 2385 1270 2434 testimonium
1309 2397 1404 2433 tam
1439 2386 1647 2451 sigillum
1676 2388 1939 2453 Majoratus
1962 2387 2084 2433 dicte

482 2453 590 2500 ville
625 2470 766 2517 quam
803 2453 1010 2517 sigillum
1048 2454 1189 2517 ipsius
1217 2454 1444 2515 Johannis
1467 2454 1729 2501 alternatim
1754 2466 1862 2502 sunt
1887 2470 2085 2518 appensa

481 2521 587 2567 huic
626 2521 884 2569 indenture.

584 2589 705 2634 Data
742 2589 957 2634 Dovorra
992 2588 1132 2636 ixmo.
1173 2588 1246 2634 die
1271 2588 1382 2649 Julii
1427 2605 1549 2636 anno
1574 2589 1703 2653 regni
1733 2588 1874 2653 Regis
1900 2587 2084 2635 Ricardi

482 2655 672 2702 secundi
710 2654 1077 2719 quintodecimo.

489 2869 632 2932 [135]
