2181 3155
382 237 408 284 3
418 237 441 285 5
451 225 474 268 8
862 223 1099 270 DOVER
1137 222 1504 271 CHARTERS

379 355 663 404 deliberand’
702 355 886 419 prefato
921 355 1123 416 Johanni
1164 355 1388 419 Deringe,
1427 354 1524 401 sive
1555 354 1655 420 ejus
1679 355 1725 402 in
1750 355 1833 403 hac
1857 366 1985 419 parte

378 434 631 481 attornato,
671 424 858 487 plenam
895 435 941 470 et
981 422 1216 485 pacificam
1259 422 1596 487 possessionem
1620 423 1834 469 seisinam
1858 423 1916 470 de
1938 435 1984 471 et

379 490 427 537 in
468 489 688 537 omnibus
728 501 775 537 et
815 489 1012 553 singulis
1065 488 1285 553 predictis
1335 489 1471 536 terris
1517 499 1564 535 et
1614 490 1890 537 tenementis
1934 506 1985 538 ac

381 557 544 604 ceteris
563 556 798 621 premissis
817 573 923 603 cum
949 556 1248 620 pertinenciis
1263 556 1401 621 juxta
1423 566 1470 602 et
1495 557 1751 604 secundum
1776 568 1985 604 tenorem

379 624 478 672 vim
515 635 561 670 et
597 623 818 671 effectum
856 623 996 688 hujus
1034 622 1258 687 presentis
1292 622 1564 670 donacionis
1587 622 1685 670 sive
1707 623 1864 670 charte
1888 639 1987 672 mee

379 692 419 738 ei
445 690 553 738 inde
577 690 818 738 confecte:
859 691 1033 737 Ratum
1057 701 1103 737 et
1127 701 1315 754 gratum
1352 689 1598 736 habentem
1635 701 1682 737 et
1718 689 1986 738 habiturum

380 769 537 806 totum
577 769 624 805 et
663 757 890 822 quicquid
932 757 1047 804 dicti
1088 756 1311 804 attornati
1353 757 1443 803 mei
1485 755 1698 814 fecerint,
1738 773 1820 804 seu
1872 757 1987 805 alter

379 841 542 873 eorum
567 823 743 883 fecerit,
770 825 816 870 in
843 823 1076 888 premissis
1110 824 1219 871 inde
1255 823 1389 888 plene
1423 833 1470 870 et
1505 823 1686 888 integre
1721 835 1863 888 prout
1897 841 1987 890 ego

380 890 588 956 prefatus
611 890 823 938 Thomas
850 891 1018 953 Moyle
1041 890 1215 938 ibidem
1240 890 1493 954 personalis
1520 890 1805 938 interessem.

486 959 541 1006 In
594 958 726 1023 cujus
777 957 843 1004 rei
896 957 1219 1005 testimonium
1274 957 1383 1005 huic
1424 957 1627 1022 presenti
1667 957 1844 1022 scripto
1883 974 1988 1006 meo

378 1024 587 1090 sigillum
623 1041 780 1072 meum
814 1025 1020 1089 apposui.

480 1093 662 1139 Datum
708 1092 973 1155 penultimo
1029 1091 1105 1139 die
1163 1091 1336 1138 mensis
1391 1090 1618 1139 Octobris
1673 1108 1797 1139 anno
1854 1091 1986 1157 regni

379 1159 562 1207 domini
600 1159 748 1206 nostri
784 1158 1008 1206 Edwardi
1046 1158 1169 1206 Sexti
1207 1159 1281 1207 dei
1319 1158 1473 1224 gracia
1495 1157 1686 1224 Anglie,
1713 1158 1917 1216 ffrancie,
1941 1169 1987 1207 et

381 1226 615 1274 Hibernie
653 1226 808 1291 Regis,
844 1225 950 1274 fidei
975 1224 1263 1285 Defensoris,
1299 1237 1345 1273 et
1374 1225 1421 1272 in
1445 1236 1568 1272 terra
1590 1225 1795 1273 Ecclesie
1817 1226 1989 1291 Angli-

379 1310 490 1341 cane
526 1304 573 1341 et
611 1292 871 1340 Hibernice
908 1293 1120 1357 Supremi
1160 1293 1354 1356 Capitis,
1395 1293 1616 1340 secundo.

481 1362 536 1408 In
576 1361 701 1407 dorso
721 1379 735 1407 :
783 1361 1030 1424 Sigillatum
1072 1372 1114 1406 et
1150 1361 1431 1408 deliberatum
1470 1373 1648 1421 presens
1693 1362 1895 1422 scriptum
1941 1360 1986 1408 in

371 1429 591 1490 presentia
663 1428 886 1474 Edmundi
950 1426 1100 1484 Tyme,
1167 1427 1335 1475 Robert
1399 1427 1602 1484 Colvelle,
1671 1439 1713 1475 et
1778 1427 1988 1476 Rollandi

383 1495 566 1543 Lewick
614 1493 696 1558 [?],
745 1511 838 1541 cum
885 1495 995 1541 aliis.

378 2130 627 2202 [188.11]
