2181 3155
423 197 517 259 368
902 195 1137 242 DovER
1173 193 1540 242 CHARTERS

1110 392 1155 443 C
1175 391 1228 442 V
1250 391 1273 442 1
1298 391 1338 442 1.

872 507 957 561 xxj
993 506 1171 559 Martii,
1199 513 1226 560 7
1258 506 1393 549 Edw.
1425 505 1509 549 V1.

421 613 648 659 THOMAs
673 611 876 675 Cheyne,
903 610 1157 675 prenobilis
1181 610 1358 657 ordinis
1392 620 1547 674 garter
1572 608 1717 668 miles,
1745 608 2029 657 consiliarius
2103 599 2105 604 ¹

421 679 604 727 domini
652 679 791 744 regis,
839 696 890 725 ac
942 678 1256 725 thesaurarius
1306 677 1500 740 hospicii
1547 677 1633 735 sui,
1693 693 1872 724 necnon
1919 692 2030 724 con·
2102 727 2105 734 ,

421 745 696 794 stabularius
728 746 940 811 ejusdem
975 745 1155 793 domini
1181 744 1302 809 regis
1338 744 1487 791 Castri
1513 744 1582 790 sui
1617 745 1849 802 Dovorre,
1874 754 2030 791 custos

422 813 718 860 cancellarius
775 830 826 860 ac
871 812 1142 860 admirallus
1193 812 1401 876 quinque
1460 823 1687 875 portuum
1744 827 1940 858 suorum
1983 821 2030 859 et
2101 832 2106 845 ·

422 880 746 927 membrorum
792 881 1083 936 eorundem3
1134 878 1308 944 Majori
1349 890 1396 926 et
1433 878 1609 939 Juratis
1655 878 1767 925 villa
1806 890 1852 925 et
1888 889 2029 942 portu

422 947 930 995 Dovorre—Salutem.
1000 946 1149 993 Vobis
1184 945 1457 993 mandamus
1493 957 1539 992 et
1575 945 1851 992 auctoritate
1891 945 2029 992 officii
2102 986 2106 1003 ,

422 1015 571 1061 nostri
596 1014 796 1079 predicti
831 1013 1028 1061 firmiter
1059 1012 1355 1079 injungentes
1389 1012 1685 1077 precipimus,
1711 1013 1840 1078 quod
1875 1012 2032 1060 audita
2102 1038 2106 1061 z

422 1082 610 1146 querela
651 1081 838 1129 Ricardi
880 1082 1194 1144 Brownynge,
1235 1081 1294 1127 de
1340 1080 1562 1144 predictis
1603 1080 1712 1127 ville
1757 1091 1804 1126 et
1851 1090 2031 1144 portus,
2103 1073 2106 1105 ἶ

421 1149 609 1207 tailour‚
649 1149 900 1213 querentis,
939 1159 985 1195 et
1021 1148 1188 1195 Dawid
1226 1147 1378 1211 Pirry,
1426 1147 1633 1194 custodis
1674 1145 1806 1211 gaole
1852 1146 2030 1194 domini
2103 1144 2105 1147 ’
2158 1168 2162 1184 ¹

421 1216 543 1280 regis
571 1227 701 1263 extra
725 1232 885 1262 muros
921 1215 1123 1262 civitatis
1148 1215 1414 1272 Cantuarie,
1441 1212 1754 1270 defendentis,
1780 1214 1828 1260 in
1864 1213 2033 1277 placito

424 1283 572 1330 debiti
620 1282 668 1329 in
715 1282 844 1330 curia
891 1282 1006 1330 dicti
1054 1282 1234 1329 domini
1283 1282 1404 1346 regis
1462 1298 1618 1328 coram
1665 1280 1799 1328 vobis
1846 1278 2033 1344 prefatis
2103 1292 2106 1341 ᾗ

426 1350 613 1415 Maj0re
648 1360 695 1396 et
729 1350 903 1411 Juratis
937 1350 1048 1397 ville
1072 1360 1118 1396 et
1155 1359 1320 1413 portus
1356 1348 1552 1412 predicti
1579 1348 1826 1412 pendente,
1859 1346 2033 1395 vocatis
2103 1368 2107 1392 ε

424 1434 581 1464 coram
617 1417 751 1464 vobis
779 1416 989 1480 partibus
1025 1416 1258 1480 predictis,
1294 1415 1557 1480 auditisque
1596 1415 1702 1462 hinc
1732 1415 1839 1463 inde
1870 1430 2030 1462 eorum
2103 1418 2107 1439 ⁵

424 1483 698 1540 rationibus,
724 1483 908 1548 prefato
944 1483 1101 1531 David
1126 1483 1264 1545 Pirry
1297 1483 1491 1546 plenum
1508 1482 1686 1548 justicii
1719 1481 2034 1546 complemen-
2103 1518 2106 1524 .

425 1563 531 1599 tum
565 1561 710 1615 prout
746 1551 794 1597 in
830 1551 910 1598 tali
947 1567 1053 1597 casu
1090 1550 1349 1597 secundum
1387 1549 1537 1614 legem
1562 1560 1608 1596 et
1644 1549 2031 1597 consuetudinem

425 1618 550 1665 curie
574 1618 687 1666 dicti
725 1617 906 1665 domini
932 1618 1054 1682 regis
1089 1617 1201 1665 ville
1224 1628 1271 1664 et
1307 1626 1470 1681 portus
1493 1616 1690 1680 predicti
1723 1616 2031 1680 approbatum
2104 1615 2107 1671 ᾖ

426 1685 583 1742 fuerit,
630 1683 844 1745 faciend’,
888 1701 945 1732 ne
980 1685 1154 1732 clamor
1195 1684 1304 1731 inde
1339 1683 1396 1730 ad
1434 1699 1518 1730 nos
1549 1684 1790 1747 perveniet
1826 1683 2032 1741 iteratus»,

426 1752 648 1800 mandato
694 1762 858 1799 nostro
903 1751 1039 1800 vobis
1084 1751 1285 1816 propriis
1330 1750 1671 1798 incontrarium
1712 1750 1894 1798 directo
1940 1766 2033 1798 non
2103 1779 2108 1810 ξ

427 1819 657 1895 obstante,
681 1830 728 1867 et
759 1819 848 1866 hoc
873 1817 957 1866 sub
982 1836 1102 1882 pena
1126 1829 1172 1866 et
1208 1818 1415 1883 periculo
1448 1817 1747 1865 incumbente
1771 1818 2035 1865 nullatenus
2104 1861 2107 1889 3

428 1897 673 1934 omittatis.

527 1954 650 2000 Data
683 1953 807 2016 apud
844 1952 1063 2000 Castrum
1100 1951 1362 2016 predictum
1397 1951 1484 1998 sub
1520 1951 1675 2015 sigillo
1711 1951 1850 1998 officii
1888 1949 2031 1998 nostri

427 2020 601 2068 ibidem
626 2020 725 2066 xxi⁰
748 2020 824 2067 die
850 2019 1019 2066 Marcii
1045 2037 1168 2066 anno
1192 2020 1324 2083 regni
1351 2018 1530 2066 domini
1557 2019 1778 2065 Edwardi
1803 2018 1934 2075 sexti,
1959 2016 2033 2065 dei
2104 2024 2107 2030 '

427 2088 579 2152 gracia
602 2087 792 2150 Anglie‚
817 2086 1021 2145 ffrancie,
1047 2098 1092 2133 et
1119 2086 1353 2134 Hibernie
1382 2086 1519 2151 regis,
1545 2085 1651 2132 fidei
1673 2084 1959 2143 Defensoris,
1984 2100 2033 2132 ac
2104 2110 2107 2115 ·

428 2155 475 2200 in
513 2165 635 2229 terra
675 2154 880 2200 Ecclesie
921 2154 1182 2218 Anglicane
1218 2164 1263 2200 et
1299 2152 1557 2200 Hibernice
1592 2153 1804 2216 Supremi
1841 2151 2032 2216 Capitis,

426 2232 880 2352 ὃθρῒέῗοὲὂενετίεγ).

529 2356 739 2402 Remains
763 2355 815 2416 of
827 2355 895 2400 the
925 2353 1192 2400 Conslable’s
1218 2354 1330 2400 Seal.

431 2587 540 2652 [5¹]
