<?xml version="1.0" encoding="UTF-8"?>
<!DOCTYPE html PUBLIC "-//W3C//DTD XHTML 1.0 Transitional//EN"
    "http://www.w3.org/TR/xhtml1/DTD/xhtml1-transitional.dtd">
<html xmlns="http://www.w3.org/1999/xhtml" xml:lang="en" lang="en">
 <head>
  <title>
</title>
<meta http-equiv="Content-Type" content="text/html;charset=utf-8" />
  <meta name='ocr-system' content='tesseract 3.04.00' />
  <meta name='ocr-capabilities' content='ocr_page ocr_carea ocr_par ocr_line ocrx_word'/>
</head>
<body>
  <div class='ocr_page' id='page_1' title='image "./doverchartersoth00doverich/doverchartersoth00doverich_0202.png"; bbox 0 0 2181 3155; ppageno 0'>
   <div class='ocr_carea' id='block_1_1' title="bbox 441 217 1562 280">
    <p class='ocr_par' dir='ltr' id='par_1_1' title="bbox 441 217 1562 280">
     <span class='ocr_line' id='line_1_1' title="bbox 441 217 1562 280; baseline -0.003 -13"><span class='ocrx_word' id='word_1_1' title='bbox 441 236 532 280; x_wconf 88' lang='lat'>170</span> <span class='ocrx_word' id='word_1_2' title='bbox 915 219 1153 266; x_wconf 77' lang='lat' dir='ltr'>DovER</span> <span class='ocrx_word' id='word_1_3' title='bbox 1193 217 1562 265; x_wconf 82' lang='lat' dir='ltr'>CHARTERS</span> 
     </span>
    </p>
   </div>
   <div class='ocr_carea' id='block_1_2' title="bbox 946 415 1510 586">
    <p class='ocr_par' dir='ltr' id='par_1_2' title="bbox 946 415 1510 586">
     <span class='ocr_line' id='line_1_2' title="bbox 1132 415 1347 466; baseline 0 0"><span class='ocrx_word' id='word_1_4' title='bbox 1132 417 1178 466; x_wconf 92' lang='lat' dir='ltr'>L</span> <span class='ocrx_word' id='word_1_5' title='bbox 1193 415 1286 466; x_wconf 90' lang='lat' dir='ltr'>VI</span> <span class='ocrx_word' id='word_1_6' title='bbox 1308 417 1347 466; x_wconf 92' lang='lat'>1.</span> 
     </span>
     <span class='ocr_line' id='line_1_3' title="bbox 946 532 1510 586; baseline 0 -12"><span class='ocrx_word' id='word_1_7' title='bbox 946 533 990 586; x_wconf 87' lang='lat' dir='ltr'>iij</span> <span class='ocrx_word' id='word_1_8' title='bbox 1022 533 1165 584; x_wconf 86' lang='lat' dir='ltr'>Junii,</span> <span class='ocrx_word' id='word_1_9' title='bbox 1199 542 1250 583; x_wconf 92' lang='lat'>13</span> <span class='ocrx_word' id='word_1_10' title='bbox 1281 532 1400 575; x_wconf 83' lang='lat' dir='ltr'>Hen-</span> <span class='ocrx_word' id='word_1_11' title='bbox 1436 532 1510 575; x_wconf 88' lang='lat' dir='ltr'>IV.</span> 
     </span>
    </p>
   </div>
   <div class='ocr_carea' id='block_1_3' title="bbox 431 635 2055 1920">
    <p class='ocr_par' dir='ltr' id='par_1_3' title="bbox 431 635 2055 1908">
     <span class='ocr_line' id='line_1_4' title="bbox 433 635 2047 700; baseline -0.002 -17"><span class='ocrx_word' id='word_1_12' title='bbox 433 637 627 683; x_wconf 65' lang='lat' dir='ltr'>§cmm</span> <span class='ocrx_word' id='word_1_13' title='bbox 668 648 904 699; x_wconf 85' lang='lat' dir='ltr'>presentes</span> <span class='ocrx_word' id='word_1_14' title='bbox 937 647 982 682; x_wconf 91' lang='lat' dir='ltr'>et</span> <span class='ocrx_word' id='word_1_15' title='bbox 1025 635 1168 682; x_wconf 89' lang='lat' dir='ltr'>futuri</span> <span class='ocrx_word' id='word_1_16' title='bbox 1209 635 1339 700; x_wconf 89' lang='lat' dir='ltr'>quod</span> <span class='ocrx_word' id='word_1_17' title='bbox 1378 652 1482 700; x_wconf 86' lang='lat' dir='ltr'>ego,</span> <span class='ocrx_word' id='word_1_18' title='bbox 1511 637 1686 700; x_wconf 86' lang='lat' dir='ltr'>Agnes,</span> <span class='ocrx_word' id='word_1_19' title='bbox 1729 635 1822 682; x_wconf 86' lang='lat' dir='ltr'>filia</span> <span class='ocrx_word' id='word_1_20' title='bbox 1845 647 1891 682; x_wconf 89' lang='lat' dir='ltr'>et</span> <span class='ocrx_word' id='word_1_21' title='bbox 1917 636 2047 682; x_wconf 90' lang='lat' dir='ltr'>heres</span> 
     </span>
     <span class='ocr_line' id='line_1_5' title="bbox 433 701 2045 765; baseline -0.001 -15"><span class='ocrx_word' id='word_1_22' title='bbox 433 702 689 750; x_wconf 84' lang='lat' dir='ltr'>Alexandri</span> <span class='ocrx_word' id='word_1_23' title='bbox 715 703 930 758; x_wconf 91' lang='lat' dir='ltr'>Poltone‚</span> <span class='ocrx_word' id='word_1_24' title='bbox 951 703 1008 750; x_wconf 94' lang='lat' dir='ltr'>de</span> <span class='ocrx_word' id='word_1_25' title='bbox 1026 704 1263 759; x_wconf 90' lang='lat' dir='ltr'>Dovorra,</span> <span class='ocrx_word' id='word_1_26' title='bbox 1285 703 1409 760; x_wconf 90' lang='lat' dir='ltr'>dedi,</span> <span class='ocrx_word' id='word_1_27' title='bbox 1430 703 1650 760; x_wconf 82' lang='lat' dir='ltr'>concessi,</span> <span class='ocrx_word' id='word_1_28' title='bbox 1666 715 1727 760; x_wconf 90' lang='lat' dir='ltr'>et,</span> <span class='ocrx_word' id='word_1_29' title='bbox 1746 703 1827 749; x_wconf 89' lang='lat' dir='ltr'>hac</span> <span class='ocrx_word' id='word_1_30' title='bbox 1843 701 2045 765; x_wconf 85' lang='lat' dir='ltr'>presenti</span> 
     </span>
     <span class='ocr_line' id='line_1_6' title="bbox 433 770 2048 827; baseline -0.001 -10"><span class='ocrx_word' id='word_1_31' title='bbox 433 782 555 817; x_wconf 87' lang='lat' dir='ltr'>carta</span> <span class='ocrx_word' id='word_1_32' title='bbox 592 788 705 827; x_wconf 85' lang='lat' dir='ltr'>mea,</span> <span class='ocrx_word' id='word_1_33' title='bbox 745 770 1014 817; x_wconf 88' lang='lat' dir='ltr'>confirmavi</span> <span class='ocrx_word' id='word_1_34' title='bbox 1052 771 1239 817; x_wconf 87' lang='lat' dir='ltr'>Thome</span> <span class='ocrx_word' id='word_1_35' title='bbox 1275 781 1347 817; x_wconf 88' lang='lat' dir='ltr'>ate</span> <span class='ocrx_word' id='word_1_36' title='bbox 1385 770 1610 826; x_wconf 87' lang='lat' dir='ltr'>Crouche,</span> <span class='ocrx_word' id='word_1_37' title='bbox 1646 771 1704 817; x_wconf 91' lang='lat' dir='ltr'>de</span> <span class='ocrx_word' id='word_1_38' title='bbox 1729 771 1961 826; x_wconf 86' lang='lat' dir='ltr'>Dovorra,</span> <span class='ocrx_word' id='word_1_39' title='bbox 2002 781 2048 815; x_wconf 91' lang='lat' dir='ltr'>et</span> 
     </span>
     <span class='ocr_line' id='line_1_7' title="bbox 431 836 2048 902; baseline -0.001 -18"><span class='ocrx_word' id='word_1_40' title='bbox 431 838 660 898; x_wconf 85' lang='lat' dir='ltr'>Johanne,</span> <span class='ocrx_word' id='word_1_41' title='bbox 705 838 837 883; x_wconf 84' lang='lat' dir='ltr'>uxori</span> <span class='ocrx_word' id='word_1_42' title='bbox 875 837 989 902; x_wconf 89' lang='lat' dir='ltr'>ejus,</span> <span class='ocrx_word' id='word_1_43' title='bbox 1033 848 1181 884; x_wconf 89' lang='lat' dir='ltr'>totam</span> <span class='ocrx_word' id='word_1_44' title='bbox 1220 849 1397 900; x_wconf 90' lang='lat' dir='ltr'>partem</span> <span class='ocrx_word' id='word_1_45' title='bbox 1435 854 1583 884; x_wconf 90' lang='lat' dir='ltr'>meam</span> <span class='ocrx_word' id='word_1_46' title='bbox 1622 837 1759 884; x_wconf 89' lang='lat' dir='ltr'>unius</span> <span class='ocrx_word' id='word_1_47' title='bbox 1795 836 2048 883; x_wconf 87' lang='lat' dir='ltr'>tenementi</span> 
     </span>
     <span class='ocr_line' id='line_1_8' title="bbox 434 903 2047 969; baseline -0.001 -18"><span class='ocrx_word' id='word_1_48' title='bbox 434 921 539 951; x_wconf 93' lang='lat' dir='ltr'>cum</span> <span class='ocrx_word' id='word_1_49' title='bbox 566 904 861 967; x_wconf 85' lang='lat' dir='ltr'>pertinenciis</span> <span class='ocrx_word' id='word_1_50' title='bbox 885 904 1102 950; x_wconf 86' lang='lat' dir='ltr'>situatam</span> <span class='ocrx_word' id='word_1_51' title='bbox 1130 903 1250 950; x_wconf 90' lang='lat' dir='ltr'>infra</span> <span class='ocrx_word' id='word_1_52' title='bbox 1283 904 1541 951; x_wconf 87' lang='lat' dir='ltr'>libertatern</span> <span class='ocrx_word' id='word_1_53' title='bbox 1569 916 1730 969; x_wconf 90' lang='lat' dir='ltr'>portus</span> <span class='ocrx_word' id='word_1_54' title='bbox 1755 905 1972 951; x_wconf 89' lang='lat' dir='ltr'>Dovorre</span> <span class='ocrx_word' id='word_1_55' title='bbox 2001 903 2047 949; x_wconf 90' lang='lat' dir='ltr'>in</span> 
     </span>
     <span class='ocr_line' id='line_1_9' title="bbox 437 971 2047 1035; baseline -0.001 -17"><span class='ocrx_word' id='word_1_56' title='bbox 437 971 854 1034; x_wconf 86' lang='lat' dir='ltr'>Mankynewarde,</span> <span class='ocrx_word' id='word_1_57' title='bbox 881 972 1000 1018; x_wconf 88' lang='lat' dir='ltr'>inter</span> <span class='ocrx_word' id='word_1_58' title='bbox 1039 971 1214 1035; x_wconf 88' lang='lat' dir='ltr'>regiam</span> <span class='ocrx_word' id='word_1_59' title='bbox 1253 982 1443 1018; x_wconf 88' lang='lat' dir='ltr'>stratam</span> <span class='ocrx_word' id='word_1_60' title='bbox 1480 989 1641 1018; x_wconf 88' lang='lat' dir='ltr'>versus</span> <span class='ocrx_word' id='word_1_61' title='bbox 1677 972 1960 1027; x_wconf 89' lang='lat' dir='ltr'>southeeast‚</span> <span class='ocrx_word' id='word_1_62' title='bbox 2001 983 2047 1017; x_wconf 87' lang='lat' dir='ltr'>et</span> 
     </span>
     <span class='ocr_line' id='line_1_10' title="bbox 433 1037 2050 1101; baseline 0 -17"><span class='ocrx_word' id='word_1_63' title='bbox 433 1051 604 1084; x_wconf 87' lang='lat' dir='ltr'>terram</span> <span class='ocrx_word' id='word_1_64' title='bbox 631 1037 827 1085; x_wconf 90' lang='lat' dir='ltr'>Roberti</span> <span class='ocrx_word' id='word_1_65' title='bbox 856 1038 1066 1101; x_wconf 88' lang='lat' dir='ltr'>Boydyn,</span> <span class='ocrx_word' id='word_1_66' title='bbox 1095 1038 1280 1095; x_wconf 89' lang='lat' dir='ltr'>bocher,</span> <span class='ocrx_word' id='word_1_67' title='bbox 1306 1056 1465 1086; x_wconf 90' lang='lat' dir='ltr'>versus</span> <span class='ocrx_word' id='word_1_68' title='bbox 1488 1040 1784 1096; x_wconf 84' lang='lat' dir='ltr'>southewest,</span> <span class='ocrx_word' id='word_1_69' title='bbox 1809 1051 1854 1085; x_wconf 91' lang='lat' dir='ltr'>et</span> <span class='ocrx_word' id='word_1_70' title='bbox 1880 1050 2050 1085; x_wconf 90' lang='lat' dir='ltr'>terram</span> 
     </span>
     <span class='ocr_line' id='line_1_11' title="bbox 435 1105 2051 1169; baseline -0.001 -17"><span class='ocrx_word' id='word_1_71' title='bbox 435 1105 631 1169; x_wconf 86' lang='lat' dir='ltr'>predicti</span> <span class='ocrx_word' id='word_1_72' title='bbox 680 1106 868 1152; x_wconf 89' lang='lat' dir='ltr'>Thome</span> <span class='ocrx_word' id='word_1_73' title='bbox 914 1122 1077 1152; x_wconf 91' lang='lat' dir='ltr'>versus</span> <span class='ocrx_word' id='word_1_74' title='bbox 1124 1106 1422 1162; x_wconf 87' lang='lat' dir='ltr'>northewest‚</span> <span class='ocrx_word' id='word_1_75' title='bbox 1469 1118 1514 1152; x_wconf 93' lang='lat' dir='ltr'>et</span> <span class='ocrx_word' id='word_1_76' title='bbox 1563 1107 1685 1153; x_wconf 88' lang='lat' dir='ltr'>inter</span> <span class='ocrx_word' id='word_1_77' title='bbox 1731 1116 2051 1153; x_wconf 87' lang='lat' dir='ltr'>tenementum</span> 
     </span>
     <span class='ocr_line' id='line_1_12' title="bbox 432 1172 2050 1234; baseline -0.001 -14"><span class='ocrx_word' id='word_1_78' title='bbox 432 1172 659 1234; x_wconf 89' lang='lat' dir='ltr'>Johannis</span> <span class='ocrx_word' id='word_1_79' title='bbox 674 1173 870 1220; x_wconf 86' lang='lat' dir='ltr'>Petham</span> <span class='ocrx_word' id='word_1_80' title='bbox 891 1190 1049 1219; x_wconf 88' lang='lat' dir='ltr'>versus</span> <span class='ocrx_word' id='word_1_81' title='bbox 1071 1173 1365 1220; x_wconf 90' lang='lat' dir='ltr'>northeeast:</span> <span class='ocrx_word' id='word_1_82' title='bbox 1402 1173 1598 1221; x_wconf 86' lang='lat' dir='ltr'>habend&#39;</span> <span class='ocrx_word' id='word_1_83' title='bbox 1618 1185 1663 1220; x_wconf 92' lang='lat' dir='ltr'>et</span> <span class='ocrx_word' id='word_1_84' title='bbox 1689 1173 1877 1220; x_wconf 84' lang='lat' dir='ltr'>tenend&#39;</span> <span class='ocrx_word' id='word_1_85' title='bbox 1903 1184 2050 1219; x_wconf 90' lang='lat' dir='ltr'>totam</span> 
     </span>
     <span class='ocr_line' id='line_1_13' title="bbox 434 1239 2051 1304; baseline -0.001 -18"><span class='ocrx_word' id='word_1_86' title='bbox 434 1240 608 1287; x_wconf 87' lang='lat' dir='ltr'>dictam</span> <span class='ocrx_word' id='word_1_87' title='bbox 635 1251 814 1303; x_wconf 89' lang='lat' dir='ltr'>partem</span> <span class='ocrx_word' id='word_1_88' title='bbox 851 1257 1000 1287; x_wconf 90' lang='lat' dir='ltr'>meam</span> <span class='ocrx_word' id='word_1_89' title='bbox 1038 1240 1232 1304; x_wconf 90' lang='lat' dir='ltr'>predicti</span> <span class='ocrx_word' id='word_1_90' title='bbox 1271 1241 1525 1287; x_wconf 87' lang='lat' dir='ltr'>tenementi</span> <span class='ocrx_word' id='word_1_91' title='bbox 1563 1258 1668 1288; x_wconf 90' lang='lat' dir='ltr'>curn</span> <span class='ocrx_word' id='word_1_92' title='bbox 1706 1240 1923 1287; x_wconf 87' lang='lat' dir='ltr'>omnibus</span> <span class='ocrx_word' id='word_1_93' title='bbox 1957 1239 2051 1286; x_wconf 88' lang='lat' dir='ltr'>suis</span> 
     </span>
     <span class='ocr_line' id='line_1_14' title="bbox 434 1307 2047 1382; baseline -0.001 -29"><span class='ocrx_word' id='word_1_94' title='bbox 434 1307 732 1371; x_wconf 90' lang='lat' dir='ltr'>pertinenciis</span> <span class='ocrx_word' id='word_1_95' title='bbox 778 1308 1117 1382; x_wconf 81' lang='lat' dir='ltr'>prenominatis</span> <span class='ocrx_word' id='word_1_96' title='bbox 1170 1307 1357 1354; x_wconf 90' lang='lat' dir='ltr'>Thome</span> <span class='ocrx_word' id='word_1_97' title='bbox 1414 1319 1459 1354; x_wconf 95' lang='lat' dir='ltr'>et</span> <span class='ocrx_word' id='word_1_98' title='bbox 1501 1308 1726 1368; x_wconf 87' lang='lat' dir='ltr'>Johanne,</span> <span class='ocrx_word' id='word_1_99' title='bbox 1772 1307 1905 1353; x_wconf 87' lang='lat' dir='ltr'>uxori</span> <span class='ocrx_word' id='word_1_100' title='bbox 1949 1323 2047 1363; x_wconf 89' lang='lat' dir='ltr'>sue,</span> 
     </span>
     <span class='ocr_line' id='line_1_15' title="bbox 435 1373 2052 1438; baseline -0.001 -17"><span class='ocrx_word' id='word_1_101' title='bbox 435 1374 684 1422; x_wconf 86' lang='lat' dir='ltr'>heredibus</span> <span class='ocrx_word' id='word_1_102' title='bbox 707 1385 752 1420; x_wconf 91' lang='lat' dir='ltr'>et</span> <span class='ocrx_word' id='word_1_103' title='bbox 770 1375 1012 1438; x_wconf 87' lang='lat' dir='ltr'>assignatis</span> <span class='ocrx_word' id='word_1_104' title='bbox 1036 1374 1181 1438; x_wconf 89' lang='lat' dir='ltr'>ipsius</span> <span class='ocrx_word' id='word_1_105' title='bbox 1204 1375 1421 1421; x_wconf 91' lang='lat' dir='ltr'>Thome</span> <span class='ocrx_word' id='word_1_106' title='bbox 1413 1386 1797 1438; x_wconf 78' lang='lat' dir='ltr'>imperpetuum.</span> <span class='ocrx_word' id='word_1_107' title='bbox 1839 1373 2052 1421; x_wconf 85' lang='lat' dir='ltr'>ffaciend&#39;</span> 
     </span>
     <span class='ocr_line' id='line_1_16' title="bbox 437 1441 2053 1505; baseline -0.001 -17"><span class='ocrx_word' id='word_1_108' title='bbox 437 1442 543 1488; x_wconf 91' lang='lat' dir='ltr'>inde</span> <span class='ocrx_word' id='word_1_109' title='bbox 583 1441 832 1488; x_wconf 87' lang='lat' dir='ltr'>servicium</span> <span class='ocrx_word' id='word_1_110' title='bbox 864 1442 1042 1488; x_wconf 92' lang='lat' dir='ltr'>domini</span> <span class='ocrx_word' id='word_1_111' title='bbox 1078 1442 1221 1505; x_wconf 86' lang='lat' dir='ltr'>Regis</span> <span class='ocrx_word' id='word_1_112' title='bbox 1254 1459 1359 1488; x_wconf 91' lang='lat' dir='ltr'>cum</span> <span class='ocrx_word' id='word_1_113' title='bbox 1393 1442 1608 1489; x_wconf 88' lang='lat' dir='ltr'>acciderit</span> <span class='ocrx_word' id='word_1_114' title='bbox 1641 1441 1896 1488; x_wconf 88' lang='lat' dir='ltr'>secundum</span> <span class='ocrx_word' id='word_1_115' title='bbox 1940 1457 2053 1488; x_wconf 91' lang='lat' dir='ltr'>con—</span> 
     </span>
     <span class='ocr_line' id='line_1_17' title="bbox 436 1508 2051 1572; baseline -0.001 -17"><span class='ocrx_word' id='word_1_116' title='bbox 436 1509 731 1556; x_wconf 90' lang='lat' dir='ltr'>suetudinem</span> <span class='ocrx_word' id='word_1_117' title='bbox 774 1521 938 1572; x_wconf 90' lang='lat' dir='ltr'>portus</span> <span class='ocrx_word' id='word_1_118' title='bbox 986 1509 1180 1572; x_wconf 87' lang='lat' dir='ltr'>predicti</span> <span class='ocrx_word' id='word_1_119' title='bbox 1221 1525 1307 1571; x_wconf 86' lang='lat' dir='ltr'>pro</span> <span class='ocrx_word' id='word_1_120' title='bbox 1346 1510 1563 1556; x_wconf 87' lang='lat' dir='ltr'>omnibus</span> <span class='ocrx_word' id='word_1_121' title='bbox 1610 1509 1709 1555; x_wconf 89' lang='lat' dir='ltr'>aliis</span> <span class='ocrx_word' id='word_1_122' title='bbox 1755 1508 1959 1555; x_wconf 87' lang='lat' dir='ltr'>serviciis</span> <span class='ocrx_word' id='word_1_123' title='bbox 2005 1519 2051 1555; x_wconf 91' lang='lat' dir='ltr'>et</span> 
     </span>
     <span class='ocr_line' id='line_1_18' title="bbox 437 1575 2052 1640; baseline -0.001 -17"><span class='ocrx_word' id='word_1_124' title='bbox 437 1576 681 1623; x_wconf 88' lang='lat' dir='ltr'>demandis</span> <span class='ocrx_word' id='word_1_125' title='bbox 703 1595 711 1622; x_wconf 88' lang='lat'>:</span> <span class='ocrx_word' id='word_1_126' title='bbox 740 1587 784 1621; x_wconf 91' lang='lat' dir='ltr'>et</span> <span class='ocrx_word' id='word_1_127' title='bbox 801 1592 903 1639; x_wconf 89' lang='lat' dir='ltr'>ego,</span> <span class='ocrx_word' id='word_1_128' title='bbox 925 1576 1191 1639; x_wconf 86' lang='lat' dir='ltr'>supradicta</span> <span class='ocrx_word' id='word_1_129' title='bbox 1207 1576 1385 1640; x_wconf 75' lang='lat' dir='ltr'>Agne5‚</span> <span class='ocrx_word' id='word_1_130' title='bbox 1404 1587 1449 1623; x_wconf 92' lang='lat' dir='ltr'>et</span> <span class='ocrx_word' id='word_1_131' title='bbox 1467 1577 1658 1623; x_wconf 86' lang='lat' dir='ltr'>heredes</span> <span class='ocrx_word' id='word_1_132' title='bbox 1675 1577 1780 1632; x_wconf 87' lang='lat' dir='ltr'>mei,</span> <span class='ocrx_word' id='word_1_133' title='bbox 1797 1575 2052 1639; x_wconf 90' lang='lat' dir='ltr'>predictam</span> 
     </span>
     <span class='ocr_line' id='line_1_19' title="bbox 439 1643 2055 1706; baseline -0.001 -16"><span class='ocrx_word' id='word_1_134' title='bbox 439 1654 616 1706; x_wconf 89' lang='lat' dir='ltr'>partem</span> <span class='ocrx_word' id='word_1_135' title='bbox 663 1659 814 1689; x_wconf 89' lang='lat' dir='ltr'>meam</span> <span class='ocrx_word' id='word_1_136' title='bbox 873 1643 1068 1706; x_wconf 87' lang='lat' dir='ltr'>predicti</span> <span class='ocrx_word' id='word_1_137' title='bbox 1130 1644 1381 1690; x_wconf 89' lang='lat' dir='ltr'>tenementi</span> <span class='ocrx_word' id='word_1_138' title='bbox 1442 1661 1548 1690; x_wconf 90' lang='lat' dir='ltr'>cum</span> <span class='ocrx_word' id='word_1_139' title='bbox 1607 1644 1701 1690; x_wconf 88' lang='lat' dir='ltr'>suis</span> <span class='ocrx_word' id='word_1_140' title='bbox 1759 1643 2055 1706; x_wconf 87' lang='lat' dir='ltr'>pertinenciis</span> 
     </span>
     <span class='ocr_line' id='line_1_20' title="bbox 438 1710 2052 1786; baseline -0.001 -29"><span class='ocrx_word' id='word_1_141' title='bbox 438 1710 833 1786; x_wconf 83' lang='lat' dir='ltr'>supranominatis</span> <span class='ocrx_word' id='word_1_142' title='bbox 859 1711 1046 1756; x_wconf 87' lang='lat' dir='ltr'>Thome</span> <span class='ocrx_word' id='word_1_143' title='bbox 1079 1721 1124 1758; x_wconf 90' lang='lat' dir='ltr'>et</span> <span class='ocrx_word' id='word_1_144' title='bbox 1161 1711 1391 1771; x_wconf 77' lang='lat' dir='ltr'>johanne,</span> <span class='ocrx_word' id='word_1_145' title='bbox 1421 1711 1554 1757; x_wconf 90' lang='lat' dir='ltr'>uxori</span> <span class='ocrx_word' id='word_1_146' title='bbox 1591 1711 1706 1776; x_wconf 86' lang='lat' dir='ltr'>ejus,</span> <span class='ocrx_word' id='word_1_147' title='bbox 1732 1710 1978 1757; x_wconf 89' lang='lat' dir='ltr'>heredibus</span> <span class='ocrx_word' id='word_1_148' title='bbox 2006 1721 2052 1757; x_wconf 92' lang='lat' dir='ltr'>et</span> 
     </span>
     <span class='ocr_line' id='line_1_21' title="bbox 438 1777 2055 1843; baseline -0.001 -19"><span class='ocrx_word' id='word_1_149' title='bbox 438 1777 680 1842; x_wconf 86' lang='lat' dir='ltr'>assignatis</span> <span class='ocrx_word' id='word_1_150' title='bbox 720 1777 929 1842; x_wconf 89' lang='lat' dir='ltr'>ejusdem</span> <span class='ocrx_word' id='word_1_151' title='bbox 965 1777 1167 1834; x_wconf 89' lang='lat' dir='ltr'>Thome‚</span> <span class='ocrx_word' id='word_1_152' title='bbox 1198 1789 1361 1825; x_wconf 88' lang='lat' dir='ltr'>contra</span> <span class='ocrx_word' id='word_1_153' title='bbox 1393 1795 1556 1825; x_wconf 90' lang='lat' dir='ltr'>omnes</span> <span class='ocrx_word' id='word_1_154' title='bbox 1608 1789 1771 1843; x_wconf 83' lang='lat' dir='ltr'>gentes</span> <span class='ocrx_word' id='word_1_155' title='bbox 1807 1777 2055 1824; x_wconf 86' lang='lat' dir='ltr'>warantiz-</span> 
     </span>
     <span class='ocr_line' id='line_1_22' title="bbox 438 1844 1005 1920; baseline -0.002 -28"><span class='ocrx_word' id='word_1_156' title='bbox 438 1845 620 1892; x_wconf 88' lang='lat' dir='ltr'>abimus</span> <span class='ocrx_word' id='word_1_157' title='bbox 643 1844 1005 1920; x_wconf 83' lang='lat' dir='ltr'>imperpetuum.</span> 
     </span>
    </p>
   </div>
   <div class='ocr_carea' id='block_1_4' title="bbox 442 1911 2053 2442">
    <p class='ocr_par' dir='ltr' id='par_1_4' title="bbox 442 1911 2050 2042">
     <span class='ocr_line' id='line_1_23' title="bbox 540 1911 2050 1976; baseline 0 -18"><span class='ocrx_word' id='word_1_158' title='bbox 540 1912 591 1958; x_wconf 89' lang='lat' dir='ltr'>In</span> <span class='ocrx_word' id='word_1_159' title='bbox 617 1911 748 1976; x_wconf 90' lang='lat' dir='ltr'>cujus</span> <span class='ocrx_word' id='word_1_160' title='bbox 772 1912 833 1958; x_wconf 89' lang='lat' dir='ltr'>rei</span> <span class='ocrx_word' id='word_1_161' title='bbox 862 1912 1184 1959; x_wconf 88' lang='lat' dir='ltr'>testimonium</span> <span class='ocrx_word' id='word_1_162' title='bbox 1210 1912 1315 1958; x_wconf 86' lang='lat' dir='ltr'>huic</span> <span class='ocrx_word' id='word_1_163' title='bbox 1341 1913 1539 1976; x_wconf 90' lang='lat' dir='ltr'>presenti</span> <span class='ocrx_word' id='word_1_164' title='bbox 1567 1924 1688 1959; x_wconf 90' lang='lat' dir='ltr'>carte</span> <span class='ocrx_word' id='word_1_165' title='bbox 1725 1929 1822 1959; x_wconf 91' lang='lat' dir='ltr'>mee</span> <span class='ocrx_word' id='word_1_166' title='bbox 1847 1911 2050 1976; x_wconf 86' lang='lat' dir='ltr'>sigillum</span> 
     </span>
     <span class='ocr_line' id='line_1_24' title="bbox 442 1978 829 2042; baseline -0.003 -17"><span class='ocrx_word' id='word_1_167' title='bbox 442 1996 596 2025; x_wconf 89' lang='lat' dir='ltr'>meum</span> <span class='ocrx_word' id='word_1_168' title='bbox 622 1978 829 2042; x_wconf 89' lang='lat' dir='ltr'>apposui.</span> 
     </span>
    </p>

    <p class='ocr_par' dir='ltr' id='par_1_5' title="bbox 443 2046 2053 2178">
     <span class='ocr_line' id='line_1_25' title="bbox 543 2046 2053 2110; baseline 0 -18"><span class='ocrx_word' id='word_1_169' title='bbox 543 2047 664 2092; x_wconf 89' lang='lat' dir='ltr'>Data</span> <span class='ocrx_word' id='word_1_170' title='bbox 689 2046 910 2093; x_wconf 88' lang='lat' dir='ltr'>Dovorra</span> <span class='ocrx_word' id='word_1_171' title='bbox 935 2047 1079 2092; x_wconf 87' lang='lat' dir='ltr'>tercio</span> <span class='ocrx_word' id='word_1_172' title='bbox 1103 2046 1177 2092; x_wconf 87' lang='lat' dir='ltr'>die</span> <span class='ocrx_word' id='word_1_173' title='bbox 1213 2046 1338 2106; x_wconf 87' lang='lat' dir='ltr'>Junii</span> <span class='ocrx_word' id='word_1_174' title='bbox 1367 2063 1488 2092; x_wconf 87' lang='lat' dir='ltr'>anno</span> <span class='ocrx_word' id='word_1_175' title='bbox 1513 2047 1641 2110; x_wconf 85' lang='lat' dir='ltr'>regni</span> <span class='ocrx_word' id='word_1_176' title='bbox 1671 2047 1811 2110; x_wconf 86' lang='lat' dir='ltr'>Regis</span> <span class='ocrx_word' id='word_1_177' title='bbox 1837 2046 2053 2102; x_wconf 88' lang='lat' dir='ltr'>Henrici,</span> 
     </span>
     <span class='ocr_line' id='line_1_26' title="bbox 443 2114 1681 2178; baseline -0.001 -19"><span class='ocrx_word' id='word_1_178' title='bbox 443 2124 611 2177; x_wconf 89' lang='lat' dir='ltr'>quarto</span> <span class='ocrx_word' id='word_1_179' title='bbox 637 2124 742 2176; x_wconf 84' lang='lat' dir='ltr'>post</span> <span class='ocrx_word' id='word_1_180' title='bbox 768 2125 1074 2177; x_wconf 89' lang='lat' dir='ltr'>conquestum</span> <span class='ocrx_word' id='word_1_181' title='bbox 1103 2114 1290 2178; x_wconf 81' lang='lat' dir='ltr'>Anglie‚</span> <span class='ocrx_word' id='word_1_182' title='bbox 1317 2114 1461 2160; x_wconf 87' lang='lat' dir='ltr'>tercio</span> <span class='ocrx_word' id='word_1_183' title='bbox 1485 2114 1681 2160; x_wconf 88' lang='lat' dir='ltr'>decimo.</span> 
     </span>
    </p>

    <p class='ocr_par' dir='ltr' id='par_1_6' title="bbox 443 2180 2053 2442">
     <span class='ocr_line' id='line_1_27' title="bbox 545 2180 2053 2245; baseline 0.001 -20"><span class='ocrx_word' id='word_1_184' title='bbox 545 2180 656 2226; x_wconf 81' lang='lat' dir='ltr'>Hiis</span> <span class='ocrx_word' id='word_1_185' title='bbox 703 2180 896 2227; x_wconf 88' lang='lat' dir='ltr'>testibus</span> <span class='ocrx_word' id='word_1_186' title='bbox 923 2199 930 2226; x_wconf 91' lang='lat'><strong>:</strong></span> <span class='ocrx_word' id='word_1_187' title='bbox 992 2180 1204 2241; x_wconf 87' lang='lat' dir='ltr'>Johanne</span> <span class='ocrx_word' id='word_1_188' title='bbox 1255 2180 1522 2237; x_wconf 85' lang='lat' dir='ltr'>Evebroke‚</span> <span class='ocrx_word' id='word_1_189' title='bbox 1575 2180 1758 2245; x_wconf 88' lang='lat' dir='ltr'>Majore</span> <span class='ocrx_word' id='word_1_190' title='bbox 1800 2181 2018 2227; x_wconf 85' lang='lat' dir='ltr'>Dovorre</span> <span class='ocrx_word' id='word_1_191' title='bbox 2040 2196 2053 2235; x_wconf 89' lang='lat'>;</span> 
     </span>
     <span class='ocr_line' id='line_1_28' title="bbox 443 2246 2051 2311; baseline 0.001 -19"><span class='ocrx_word' id='word_1_192' title='bbox 443 2247 632 2293; x_wconf 87' lang='lat' dir='ltr'>Thoma</span> <span class='ocrx_word' id='word_1_193' title='bbox 660 2247 796 2311; x_wconf 84' lang='lat' dir='ltr'>Page,</span> <span class='ocrx_word' id='word_1_194' title='bbox 816 2246 995 2293; x_wconf 84' lang='lat' dir='ltr'>Ballivo</span> <span class='ocrx_word' id='word_1_195' title='bbox 1017 2263 1029 2302; x_wconf 91' lang='lat'>;</span> <span class='ocrx_word' id='word_1_196' title='bbox 1057 2247 1287 2293; x_wconf 86' lang='lat' dir='ltr'>Nicholao</span> <span class='ocrx_word' id='word_1_197' title='bbox 1313 2248 1502 2310; x_wconf 80' lang='lat' dir='ltr'>Spisour</span> <span class='ocrx_word' id='word_1_198' title='bbox 1529 2264 1540 2303; x_wconf 89' lang='lat'>;</span> <span class='ocrx_word' id='word_1_199' title='bbox 1565 2249 1778 2309; x_wconf 83' lang='lat' dir='ltr'>Johanne</span> <span class='ocrx_word' id='word_1_200' title='bbox 1805 2248 2013 2295; x_wconf 83' lang='lat' dir='ltr'>Gartone</span> <span class='ocrx_word' id='word_1_201' title='bbox 2038 2263 2051 2302; x_wconf 88' lang='lat'>;</span> 
     </span>
     <span class='ocr_line' id='line_1_29' title="bbox 443 2314 2052 2379; baseline 0.001 -18"><span class='ocrx_word' id='word_1_202' title='bbox 443 2315 656 2375; x_wconf 88' lang='lat' dir='ltr'>Johanne</span> <span class='ocrx_word' id='word_1_203' title='bbox 684 2314 853 2376; x_wconf 81' lang='lat' dir='ltr'>Robyn</span> <span class='ocrx_word' id='word_1_204' title='bbox 880 2330 891 2371; x_wconf 83' lang='lat'>;</span> <span class='ocrx_word' id='word_1_205' title='bbox 931 2314 1174 2360; x_wconf 81' lang='lat' dir='ltr'>Willelmo</span> <span class='ocrx_word' id='word_1_206' title='bbox 1213 2314 1512 2361; x_wconf 84' lang='lat' dir='ltr'>Middeltone</span> <span class='ocrx_word' id='word_1_207' title='bbox 1536 2331 1546 2370; x_wconf 75' lang='grc' dir='ltr'><strong>ς</strong></span> <span class='ocrx_word' id='word_1_208' title='bbox 1585 2316 1773 2362; x_wconf 84' lang='lat' dir='ltr'>Thoma</span> <span class='ocrx_word' id='word_1_209' title='bbox 1799 2314 2013 2379; x_wconf 87' lang='lat' dir='ltr'>Curlyng</span> <span class='ocrx_word' id='word_1_210' title='bbox 2039 2331 2052 2370; x_wconf 70' lang='grc' dir='ltr'><strong>ς</strong></span> 
     </span>
     <span class='ocr_line' id='line_1_30' title="bbox 443 2381 1668 2442; baseline 0.002 -15"><span class='ocrx_word' id='word_1_211' title='bbox 443 2381 658 2442; x_wconf 88' lang='lat' dir='ltr'>Johanne</span> <span class='ocrx_word' id='word_1_212' title='bbox 687 2382 881 2428; x_wconf 85' lang='lat' dir='ltr'>Petham</span> <span class='ocrx_word' id='word_1_213' title='bbox 914 2398 925 2437; x_wconf 91' lang='lat'>;</span> <span class='ocrx_word' id='word_1_214' title='bbox 965 2381 1168 2428; x_wconf 87' lang='lat' dir='ltr'>Ricardo</span> <span class='ocrx_word' id='word_1_215' title='bbox 1191 2381 1418 2428; x_wconf 86' lang='lat' dir='ltr'>Sedenore</span> <span class='ocrx_word' id='word_1_216' title='bbox 1442 2398 1452 2438; x_wconf 92' lang='grc'>;</span> <span class='ocrx_word' id='word_1_217' title='bbox 1489 2393 1534 2429; x_wconf 88' lang='lat' dir='ltr'>et</span> <span class='ocrx_word' id='word_1_218' title='bbox 1560 2382 1668 2430; x_wconf 84' lang='lat' dir='ltr'>aliis.</span> 
     </span>
    </p>
   </div>
   <div class='ocr_carea' id='block_1_5' title="bbox 450 2837 663 2905">
    <p class='ocr_par' dir='ltr' id='par_1_7' title="bbox 450 2837 663 2905">
     <span class='ocr_line' id='line_1_31' title="bbox 450 2837 663 2905; baseline -0.019 0"><span class='ocrx_word' id='word_1_219' title='bbox 450 2837 663 2905; x_wconf 69' lang='lat'>[188-1]</span> 
     </span>
    </p>
   </div>
  </div>
 </body>
</html>
