2192 3342
443 244 507 278 20
921 227 1154 275 DOVER
1191 225 1555 275 CHARTERS

1211 425 1287 477 X.

979 556 1009 586 v
1039 542 1170 595 Maii,
1200 551 1252 595 13
1281 541 1415 585 Edw.
1448 541 1483 584 1.

444 651 761 708 EDwARDus,
786 650 859 696 dei
895 648 1062 714 gracia,
1088 659 1194 704 etc.‚
1230 646 1412 703 dilecto,
1452 656 1538 693 ete.
1610 645 1685 692 Ex
1720 645 1909 710 querela
1937 645 2050 693 Bar-

442 736 589 766 onum
625 728 895 765 nostrorum
918 716 975 763 de
1000 714 1302 763 ffaveresham
1331 714 1594 777 accepimus
1617 713 1788 777 quod*
1813 729 1897 760 vos
1913 712 2052 778 juxta

444 786 676 851 quandam
716 783 1111 848 composicionem
1153 781 1336 829 dudum
1367 781 1490 828 inter
1522 797 1607 827 vos
1641 791 1687 827 et
1725 780 1852 843 ipsos
1886 780 2049 828 initam

446 870 617 918 ponere
641 852 844 900 debeatis
868 867 1014 897 unum
1051 849 1290 896 hominem
1325 858 1515 912 exparte
1539 858 1692 895 vestra
1726 848 1783 895 ad
1819 847 2052 912 prisonam

446 932 651 968 nostram
687 919 860 966 ibidem
896 918 954 965 ad
991 927 1210 982 sumptus
1245 926 1425 963 vestros
1470 914 1782 975 custodiend’,
1819 932 1911 962 una
1945 931 2053 962 cum

445 988 651 1052 quodam
686 986 777 1033 alio
813 984 1002 1032 homine
1037 1001 1120 1048 per
1155 983 1280 1048 ipsos
1309 983 1515 1031 Barones
1553 983 1610 1030 ad
1646 982 1734 1030 hoc
1768 981 2052 1040 inveniend’,

447 1071 532 1103 vos
556 1054 795 1102 hominem
828 1052 1031 1116 aliquem
1063 1052 1120 1099 ad
1155 1051 1245 1098 hoc
1281 1049 1491 1097 invenire
1515 1049 1635 1097 sicut
1660 1049 1788 1113 prius
1811 1049 2055 1097 invenistis

446 1120 762 1169 contradicitis
799 1119 954 1166 minus
982 1119 1111 1184 juste
1145 1118 1203 1165 ad
1239 1134 1381 1182 grave
1416 1117 1676 1181 dampnum
1707 1117 1917 1180 ipsorum
1942 1116 2056 1164 Bar-

447 1206 592 1236 onum
616 1199 663 1235 et
688 1198 851 1234 contra
875 1185 1267 1250 composicionem
1305 1184 1560 1249 predictam
1585 1204 1593 1232 :
1633 1184 1737 1232 Nos
1764 1185 2058 1232 advertentes

446 1256 575 1321 quod
622 1253 882 1319 periculum
928 1270 1010 1317 per
1055 1251 1293 1300 defectum
1340 1251 1552 1299 custodie
1593 1251 1863 1316 hujusmodi
1911 1252 2057 1315 possit

448 1323 581 1371 nobis
621 1321 796 1370 futuris
842 1319 1134 1384 temporibus
1175 1320 1383 1378 iminere,
1428 1319 1561 1365 vobis
1602 1319 1892 1377 mandamus,
1934 1319 2056 1366 sicut

447 1391 554 1438 alias
582 1388 923 1445 mandavimus,
960 1388 1090 1452 quod
1128 1387 1366 1434 hominem
1405 1386 1667 1450 predictum
1705 1386 1761 1433 ad
1798 1386 2055 1450 predictam

450 1458 688 1522 prisonam
726 1455 1019 1502 custodiend'
1045 1471 1100 1500 ex
1129 1465 1257 1518 parte
1285 1464 1438 1500 vestra
1470 1453 1580 1516 poni
1620 1452 1812 1510 faciatis,
1851 1454 1970 1500 sicut
2009 1453 2056 1501 id

449 1524 595 1572 facere
615 1523 793 1571 debetis
817 1533 864 1569 et
883 1521 1187 1569 consuevistis
1203 1521 1339 1586 juxta
1363 1521 1756 1584 composicionem
1782 1521 2056 1584 predictam,

450 1604 496 1640 et
530 1592 668 1657 juxta
708 1601 918 1637 tenorem
959 1588 1147 1635 alterius
1188 1588 1393 1635 mandati
1435 1588 1581 1634 nostri
1625 1587 1758 1634 vobis
1803 1588 1911 1635 alias
1952 1588 2059 1635 inde

451 1659 629 1715 directi,
655 1658 718 1704 ita
741 1657 870 1721 quod
895 1657 1078 1720 culpam
1104 1666 1305 1702 vestram
1331 1654 1378 1701 in
1404 1655 1487 1701 hac
1516 1666 1644 1718 parte
1670 1672 1865 1720 arguere
1891 1656 2061 1702 merito

451 1744 545 1773 non
584 1725 845 1783 debeamus,
885 1723 958 1770 vel
996 1739 1177 1770 causam
1211 1722 1344 1769 nobis
1378 1722 1647 1787 significetis
1671 1739 1814 1786 quare
1839 1723 1886 1770 id
1911 1722 2060 1770 facere

453 1811 545 1840 non
570 1792 785 1839 debeatis.

552 1861 695 1906 Teste
731 1876 804 1904 me
839 1859 941 1921 ipso
975 1857 1099 1920 apud
1127 1856 1596 1904 Westmonasterium
1630 1857 1797 1920 quinto
1828 1857 1903 1904 die
1942 1858 2058 1904 Maii

453 1944 578 1974 anno
600 1926 730 1991 regni
757 1926 900 1972 nostri
925 1924 1070 1971 tercio
1094 1924 1289 1972 decimO.

459 2851 582 2906 [¹85]
