2192 3342
432 240 454 272 2
467 241 489 272 2
878 227 1115 276 DOVER
1154 227 1525 276 CHARTERS

1178 428 1236 479 X
1254 428 1295 478 1.

994 558 1023 585 v
1046 544 1174 591 Maii,
1200 554 1250 596 13
1272 544 1403 586 Edw.
1429 554 1462 586 1.

428 647 726 694 Eowaaous
759 647 833 694 dei
858 647 1022 712 gracia,
1061 658 1167 704 etc.‚
1207 646 1395 706 dilecto,
1437 659 1522 693 etc.
1594 647 1724 710 Quia
1759 664 1815 694 ex
1851 647 2040 711 querela

429 714 663 761 Baronum
703 726 973 762 nostrorum
999 715 1055 761 de
1098 714 1398 761 ffaveresham
1424 715 1685 778 accepimus
1720 714 1849 778 quod
1875 730 1959 761 vos
1991 725 2037 761 et

429 781 594 828 Ballivi
622 782 761 829 vestri
788 782 961 828 ibidem
987 783 1111 844 ipsos
1138 783 1340 829 Barones
1365 781 1421 828 ad
1447 782 1641 828 servicia
1674 780 1882 828 indebita
1905 780 2040 828 vobis

428 847 626 895 faciend’
662 850 869 924 graviter
907 849 1203 913 distringitis‚
1227 860 1273 895 et
1310 865 1410 907 vos,
1437 859 1599 895 contra
1633 848 1871 913 quandam
1908 864 2039 895 com-

428 916 726 991 posicionem
733 917 852 963 inter
871 932 958 962 vos
978 916 1145 979 *ipsos
1163 916 1343 972 initam,
1360 916 1632 980 inquietatis
1651 927 1696 962 et
1714 915 2038 980 multipliciter

426 983 629 1047 gravatis
667 984 822 1030 minus
839 983 970 1048 juste
994 983 1041 1029 in
1080 983 1289 1046 ipsorum
1327 984 1563 1030 Baronum
1606 982 1906 1058 dispendium
1945 999 2037 1030 non

427 1051 668 1098 modicum
714 1062 760 1098 et
806 1067 1088 1115 gravamen.
1151 1050 1254 1097 Nos
1300 1049 1474 1097 eisdem
1524 1049 1785 1097 Baronibus
1837 1049 2038 1115 injurare

428 1117 636 1164 nolentes
683 1118 729 1164 in
778 1118 861 1164 hac
908 1128 1038 1180 parte
1080 1117 1213 1164 vobis
1260 1118 1548 1175 mandamus,
1598 1118 1717 1164 sicut
1752 1117 1862 1164 alias
1908 1133 2040 1164 man-

426 1185 658 1242 davimus,
684 1185 815 1249 quod
841 1183 897 1231 ab
923 1184 1191 1249 hujusmodi
1218 1184 1595 1232 districcionibus
1619 1196 1666 1232 et
1687 1183 2039 1248 gravaminibus

426 1252 474 1298 in
501 1252 668 1299 debitis
687 1251 979 1315 prefatorum
1006 1253 1241 1298 Baronum
1267 1263 1428 1299 contra
1451 1252 1623 1299 dictam
1644 1252 2037 1316 composicionem

427 1320 485 1366 de
523 1330 677 1366 cetero
726 1318 953 1365 inferend'
1001 1319 1250 1375 desistatis,
1298 1330 1342 1365 et
1392 1319 1587 1366 ballivos
1634 1330 1818 1367 vestros
1865 1318 2038 1365 ibidem

427 1387 647 1432 desistere
690 1385 881 1444 faciatis,
923 1386 1178 1449 predictam
1216 1387 1612 1450 composicionem
1645 1386 1782 1451 juxta
1823 1397 2036 1433 tenorem

427 1453 688 1517 eju[sdem]
729 1465 872 1516 prout
901 1453 1086 1518 justum
1123 1452 1267 1499 fuerit
1309 1453 1622 1509 observantes,
1651 1453 1789 1518 juxta
1825 1464 2036 1501 tenorem

428 1521 618 1567 alterius
644 1521 849 1568 mandati
876 1520 1023 1567 nostri
1049 1521 1176 1584 quod
1202 1520 1311 1567 inde
1336 1521 1587 1583 recepistiS‚
1615 1521 1684 1567 Ita
1708 1522 1836 1585 quod
1863 1520 2037 1568 clamor

427 1588 483 1634 ad
509 1604 593 1634 nos
618 1588 724 1635 inde
749 1605 840 1634 non
878 1588 1117 1651 perveniat
1143 1587 1334 1634 iteratus
1359 1604 1439 1651 per
1463 1588 1594 1652 quod
1623 1588 1688 1634 eis
1712 1587 1902 1635 alterius
1917 1587 2038 1652 juris

427 1655 632 1702 remedio
677 1671 816 1718 super
855 1656 942 1702 hoc
983 1655 1233 1701 subvenire
1271 1654 1537 1711 debeamus,
1578 1655 1648 1701 vel
1686 1671 1867 1702 causam
1903 1655 2037 1702 nobis

425 1721 696 1786 significetis
731 1739 873 1786 quare
910 1721 1133 1786 premissa
1168 1721 1319 1768 facere
1356 1739 1448 1769 non
1486 1721 1705 1770 debeatis.

527 1790 670 1836 Teste
697 1806 768 1835 me
805 1790 906 1852 ipso
930 1789 1055 1852 apud
1093 1789 1571 1836 Westmonasterium
1609 1789 1778 1854 quinto
1803 1789 1878 1836 dia
1916 1789 2034 1836 Maii

427 1873 550 1902 anno
586 1856 715 1920 regni
744 1857 891 1903 nostri
930 1857 1074 1903 tercio
1109 1856 1308 1903 decimo.

429 2788 569 2851 [¹85]
