2192 3342
427 255 489 300 94
899 235 1129 283 DOVER
1168 233 1535 282 CHARTERS

1114 431 1341 482 XXIX.

879 549 975 602 xiiij
1007 550 1216 602 Augusti
1244 558 1299 602 39
1329 548 1462 591 Edw.
1497 547 1582 591 111.

427 658 544 706 Hac
585 668 707 704 carta
741 657 981 703 indentata
1026 666 1226 702 testatur
1261 655 1388 720 quod
1437 653 1724 702 Willielmus
1758 655 1817 702 de
1852 657 2034 713 Denne,

428 725 586 790 Major
617 723 738 771 Ville
774 724 1006 779 Dovorre‚
1043 733 1090 770 et
1117 722 1262 798 jurati
1292 733 1405 769 tunc
1436 722 1661 786 temporis
1684 722 1894 788 ejusdem
1927 723 2036 771 ville

426 794 483 840 de
518 808 702 838 assensu
738 791 889 838 tocius
927 789 1277 837 communitatis
1321 789 1495 836 ibidem
1532 801 1860 837 concesserunt
1895 801 1941 837 et
1977 791 2033 837 ad

426 859 551 907 feodi
590 858 772 904 firmam
810 857 1089 905 dimiserunt
1114 856 1327 904 Roberto
1363 858 1422 904 de
1460 857 1705 903 Swantone
1745 869 1790 904 et
1824 857 2037 917 Johanne

428 927 559 974 uxori
595 926 693 991 ejus
728 925 962 989 quandam
1000 923 1174 988 peciam
1210 935 1332 970 terre
1360 924 1592 989 jacentem
1620 923 1740 970 infra
1775 924 2036 971 libertatem

427 1004 591 1057 portus
638 995 853 1040 Dovorre
899 991 1023 1055 apud
1084 990 1375 1048 Castlehelle‚
1424 991 1640 1037 videlicet
1687 991 1808 1038 inter
1866 1002 2035 1038 terram

425 1060 651 1122 Johannis
675 1059 880 1106 Gerolde
917 1075 1080 1105 versus
1106 1058 1373 1115 northwest,
1398 1068 1444 1104 et
1477 1058 1710 1122 quandam
1735 1075 2033 1105 communem

427 1128 639 1174 semitam
686 1144 776 1191 que
818 1126 947 1173 ducit
999 1126 1057 1173 ad
1098 1136 1301 1172 castrum
1344 1141 1502 1172 versus
1550 1125 1779 1182 northest,
1822 1136 1868 1172 et
1915 1125 2037 1173 inter

429 1207 599 1243 terram
636 1194 860 1241 heredum
906 1193 1014 1240 Ade
1055 1192 1268 1240 fforbour
1314 1203 1359 1238 et
1396 1204 1565 1239 terram
1601 1192 1827 1239 Willelmi
1864 1193 2037 1240 Sawere

430 1279 591 1310 versus
616 1262 841 1318 southest‚
867 1271 912 1307 et
941 1271 1107 1307 terram
1140 1259 1264 1306 Petri
1293 1259 1526 1306 Cocchere
1563 1277 1721 1306 versus
1745 1260 2002 1307 southwest
2025 1279 2033 1306 ε

430 1329 626 1376 habend'
672 1339 719 1376 et
756 1327 942 1375 tenend‘
980 1327 1234 1391 predictam
1277 1326 1451 1390 peciam
1493 1338 1612 1374 terre
1653 1344 1759 1373 curn
1800 1327 1895 1374 suis
1933 1344 2039 1392 per-

430 1396 641 1444 tinenciis
681 1394 870 1460 prefatis
912 1395 1122 1442 Roberto
1160 1405 1206 1440 et
1245 1394 1458 1454 Johanne
1498 1394 1744 1440 heredibus
1782 1405 1828 1441 et
1874 1411 2037 1442 eorum

430 1463 671 1528 assignatis
723 1463 1089 1526 imperpetuum,
1137 1460 1351 1507 ffaciend'
1399 1461 1506 1508 inde
1551 1461 1799 1508 servicium
1858 1462 2037 1509 domini

430 1532 551 1596 regis
608 1530 797 1594 quando
853 1529 1060 1576 evenerit
1116 1528 1373 1575 secundum
1431 1528 1817 1575 consuetudinem
1875 1540 2042 1592 portus

432 1598 627 1662 predicti
653 1607 698 1644 et
723 1596 947 1644 reddend'
966 1596 1074 1643 inde
1098 1595 1338 1642 annuatim
1365 1595 1541 1660 Majori
1563 1595 1684 1642 dicte
1699 1596 1824 1643 dicte
1841 1596 1903 1661 (!)
1930 1597 2039 1643 ville

432 1666 511 1730 qui
542 1676 654 1711 tunc
687 1681 773 1727 pro
810 1675 1021 1727 tempore
1050 1661 1190 1709 fuerit
1219 1674 1422 1726 quatuor
1454 1662 1667 1709 denarios
1704 1663 2038 1728 sterlingorum

431 1732 642 1779 annualis
677 1731 889 1778 redditus
923 1731 980 1777 ad
1017 1728 1189 1776 festum
1227 1730 1399 1776 Pasche
1429 1730 1654 1777 solvend’.
1727 1730 1791 1777 Et
1827 1731 2041 1795 quando—

433 1816 633 1863 cumque
680 1798 915 1862 predictus
983 1797 1190 1844 annualis
1246 1797 1459 1844 redditus
1515 1809 1667 1843 aretro
1719 1796 1862 1844 fuerit
1920 1799 2040 1845 ultra

434 1867 689 1914 terminum
719 1865 981 1929 predictum
1011 1881 1091 1928 per
1116 1880 1264 1910 unum
1297 1881 1471 1910 annum
1500 1863 1738 1928 integrum
1771 1877 1882 1912 tunc
1907 1865 2039 1912 liceat

436 1933 598 2009 majori
628 1933 748 1980 dicte
784 1931 891 1979 ville
929 1932 1008 1996 qui
1047 1942 1157 1978 tunc
1185 1930 1327 1978 fuerit
1368 1931 1541 1978 dictam
1571 1931 1746 2006 peciam
1784 1943 1904 1978 terre
1933 1949 2038 1979 cum

432 2002 526 2048 suis
573 1999 883 2064 pertinenciis,
931 1999 986 2046 ad
1034 2015 1443 2063 quorumcumque
1496 2015 1659 2045 manus
1706 1998 1753 2045 in
1801 2010 2038 2062 posterum

435 2068 690 2124 devenerit,
732 2066 965 2130 reingredi
1007 2066 1227 2112 reintrare
1267 2077 1312 2112 et
1360 2065 1545 2128 pacifice
1593 2066 1825 2129 possidere
1870 2067 1954 2113 sibi
1997 2078 2043 2113 et

435 2134 772 2182 successoribus
795 2134 887 2180 suis
912 2132 1166 2197 majoribus
1189 2132 1396 2197 ejusdem
1422 2132 1563 2179 ville
1554 2144 1894 2196 inperpetuum.
1972 2134 2040 2182 Et

437 2202 630 2266 predicti
664 2201 932 2247 Willelmus
968 2200 1114 2264 major
1142 2211 1188 2246 et
1217 2200 1377 2264 jurati,
1411 2217 1459 2246 ac
1497 2201 1806 2247 communitas
1834 2200 2042 2264 predicta

436 2268 804 2317 warantizabunt
840 2267 1095 2331 predictam
1126 2267 1300 2330 peciam
1331 2277 1451 2313 terre
1481 2284 1586 2313 cum
1617 2267 1712 2313 suis
1745 2268 2043 2331 pertinenciis

437 2336 627 2400 prefatis
652 2336 862 2382 Roberto
886 2346 932 2381 et
956 2334 1167 2394 Johanne
1194 2333 1441 2380 heredibus
1464 2346 1508 2380 et
1541 2351 1703 2380 eorum
1729 2335 1969 2399 assignatis
1994 2335 2038 2382 in

438 2404 588 2451 forma
612 2403 819 2466 predicta
843 2412 1002 2448 contra
1025 2417 1187 2447 omnes
1211 2412 1373 2465 gentes
1397 2401 1757 2464 imperpetuum.

540 2472 592 2517 In
629 2470 760 2535 cujus
796 2469 859 2515 rei
896 2469 1218 2515 testimonium
1254 2479 1347 2514 tam
1390 2468 1596 2532 sigillum
1634 2468 1884 2533 majoratus
1919 2469 2043 2516 dicte

440 2539 546 2585 ville
571 2554 711 2602 quam
736 2537 942 2601 sigillum
977 2536 1119 2599 ipsius
1146 2535 1339 2582 Roberti
1366 2536 1472 2582 huic
1502 2536 1750 2582 indenture
1779 2537 2043 2584 alternatim

437 2616 546 2652 sunt
574 2621 787 2668 appensa.

542 2674 716 2718 Datum
752 2673 968 2717 Dovorra
1002 2679 1170 2733 quarto
1198 2669 1380 2716 decimo
1405 2669 1479 2716 die
1505 2669 1728 2734 Augusti,
1753 2686 1875 2716 anno
1910 2670 2040 2734 regni

440 2740 560 2804 regis
587 2739 821 2793 Edwardi,
847 2737 990 2793 tercii,
1019 2754 1043 2782 a
1075 2747 1349 2801 conquestu,
1376 2736 1610 2783 tricesimo
1636 2753 1773 2784 nono.

440 2870 549 2938 [31]
