2192 3342
425 233 484 279 26
904 233 1134 280 DOVER
1172 231 1539 280 CHARTERS

1124 431 1182 481 X
1202 431 1223 480 1
1245 430 1267 481 1
1289 431 1331 484 1.

918 543 947 571 v
975 529 1198 581 Augusti,
1231 538 1282 580 13
1313 529 1446 571 Edw.
1480 528 1514 570 1.

422 631 723 677 EDwARous
759 629 833 675 dei
869 629 1021 692 gracia
1062 629 1159 674 Rex
1195 628 1392 691 Angfie,
1425 627 1662 673 Dominus
1714 626 1948 673 Hibernie
1982 639 2030 674 et

422 699 533 744 Dux
580 696 852 761 Aquitanie,
903 695 1077 742 dilecto
1124 693 1346 741 servienti
1395 693 1442 740 in
1491 693 1696 750 Christo,
1745 692 1919 740 Abbati
1971 694 2031 741 de

423 762 999 811 {faversham—Salutem.
1073 761 1200 824 Quia
1239 778 1295 807 ex
1336 761 1523 825 querela
1564 761 1802 807 Baronum
1843 771 2030 808 nostro-

420 849 525 878 rum
568 832 624 878 de
664 830 966 877 ffaveresham
1006 828 1267 892 accepimus
1308 827 1438 892 quod
1474 844 1559 875 vos
1594 838 1641 874 et
1687 827 1843 874 ballivi
1879 829 2028 876 vestri

420 899 478 945 de
505 897 804 944 ffaveresham
830 907 1017 943 nostros
1041 897 1245 942 Barones
1268 895 1326 942 ad
1351 894 1542 942 servicia
1565 894 1773 942 indebita
1795 906 1842 942 et
1867 894 2030 942 incon-

420 976 552 1012 sueta
598 963 731 1012 vobis
780 962 977 1010 faciend‘
1025 963 1231 1028 graviter
1283 961 1579 1026 distringitis,
1625 973 1673 1008 et
1722 978 1820 1019 vos,
1868 973 2030 1009 contra

420 1032 663 1107 quandam·
691 1030 1086 1095 composicionem
1123 1030 1304 1077 dudum
1338 1029 1459 1076 inter
1491 1045 1576 1076 vos
1609 1040 1656 1076 et
1688 1028 1814 1092 ipsos
1847 1028 2028 1087 initam,

420 1099 691 1163 inquietatis
727 1097 1052 1162 multipliciter
1086 1108 1133 1144 et
1169 1096 1376 1162 gravatis
1407 1097 1563 1143 minus
1591 1096 1719 1161 juste
1744 1096 1791 1142 in
1817 1095 2029 1160 ipsorum

421 1167 659 1213 Baronum
705 1165 1005 1229 dispendium
1066 1181 1158 1211 non
1214 1164 1452 1211 modicum
1507 1174 1553 1210 et
1610 1179 1877 1228 gravamen,
1926 1163 2030 1210 Nos

422 1234 630 1280 nolentes
677 1233 807 1297 quod
854 1232 1028 1279 eisdem
1087 1231 1348 1278 Baronibus
1395 1230 1628 1296 injurietis
1676 1230 1722 1278 in
1770 1231 1853 1277 hac
1900 1242 2029 1295 parte

421 1300 554 1347 vobis
589 1301 879 1357 mandamus,
905 1299 1025 1346 sicut
1062 1299 1232 1362 pluries
1268 1298 1606 1355 mandavimus,
1637 1297 1835 1344 firmiter
1871 1297 2029 1363 injun-

420 1379 582 1431 gentes
620 1367 749 1431 quod
789 1366 844 1413 ab
883 1366 1154 1431 hujusmodi
1204 1365 1524 1412 exaccionibus
1563 1377 1609 1412 et
1651 1364 2030 1412 districcionibus

421 1433 640 1482 indebitis
664 1432 953 1496 prefatorum
980 1434 1216 1480 Baronum
1249 1444 1413 1479 contra
1437 1433 1608 1479 dictam
1635 1432 2029 1495 composicionem

420 1502 477 1548 de
519 1512 674 1548 cetero
715 1499 939 1548 inferend'
978 1501 1162 1576 penitus
1199 1500 1443 1555 desistatis,
1493 1510 1539 1546 et
1577 1498 1772 1546 ballivos
1810 1499 2030 1546 desistere

421 1568 614 1626 faciatis,
634 1568 828 1614 eandem
853 1567 1247 1631 composicionem
1264 1566 1402 1632 juxta
1425 1577 1636 1613 tenorem
1655 1565 1863 1631 ejusdem
1888 1577 2029 1630 prout

414 1636 600 1700 justum
646 1633 787 1681 fuerit
833 1634 1130 1681 observantes
1171 1634 1308 1699 juxta
1342 1644 1554 1681 tenorem
1590 1633 1790 1680 aliorum
1839 1634 2030 1681 manda-

422 1715 582 1749 torum
616 1712 884 1748 nostrorum
919 1718 1012 1766 que
1048 1702 1156 1749 inde
1191 1701 1458 1764 recepistis:
1503 1712 1549 1748 et
1584 1700 1930 1748 districcionem
1965 1701 2030 1748 eis

420 1769 656 1816 occasione
680 1768 887 1832 predicta
927 1768 1093 1816 factam
1129 1769 1227 1815 sine
1258 1768 1484 1815 dilatione
1507 1767 1718 1815 relaxetis
1741 1768 1932 1826 eisdem,
1959 1768 2030 1816 Ita

420 1836 548 1901 quod
575 1837 749 1883 clamor
773 1836 829 1882 ad
857 1853 940 1883 nos
965 1836 1073 1883 inde
1099 1853 1193 1883 non
1230 1835 1471 1899 perveniat
1499 1835 1707 1894 iteratuS,
1734 1835 1808 1882 vel
1831 1852 1916 1882 vos
1941 1835 2027 1899 ipsi

419 1904 520 1950 sitis
545 1920 699 1950 coram
725 1903 858 1949 nobis
882 1921 907 1950 a
930 1903 1005 1950 die
1029 1902 1179 1950 Sancti
1202 1902 1448 1949 Michaelis
1472 1902 1519 1949 in
1544 1920 1605 1949 xv
1625 1903 1723 1949 dies
1743 1903 2028 1967 ubicumque

420 1982 531 2018 tunc
567 1969 794 2017 fuerimus
830 1970 876 2016 in
912 1970 1087 2034 Anglia
1118 1970 1175 2017 ad
1208 1969 1520 2033 respondend‘
1545 1968 1735 2033 prefatis
1769 1969 2029 2017 Batonibus

420 2038 478 2085 de
505 2037 687 2102 injustis
711 2036 1034 2084 exaccionibus
1068 2048 1114 2083 et
1150 2037 1525 2084 districcionibus
1562 2036 1796 2100 predictis,
1823 2049 1868 2084 et
1896 2037 2029 2084 nobis

419 2121 562 2169 quare
609 2104 825 2151 mandata
871 2115 1027 2151 nostra
1073 2104 1248 2152 tociens
1301 2104 1409 2150 inde
1456 2103 1589 2151 vobis
1635 2104 1811 2151 directa
1861 2105 2026 2170 exequi

420 2171 697 2219 distulistis:
736 2182 781 2218 et
818 2170 1022 2219 habeatis
1058 2170 1120 2218 ibi
1156 2172 1245 2219 hoc
1281 2171 1435 2218 breve.

521 2238 664 2286 Teste
706 2255 779 2286 me
816 2239 918 2302 ipso
953 2239 1078 2303 apud
1114 2237 1417 2286 Wolvemere
1459 2246 1506 2283 v0
1546 2237 1621 2286 die
1658 2238 1865 2303 Augusti
1903 2256 2027 2286 anno

419 2307 550 2374 regni
588 2306 733 2354 nostri
771 2306 916 2353 tercio
951 2306 1146 2354 decimo.

417 2852 546 2906 [¹85]
