2181 3155
253 189 352 235 424
737 178 974 225 DOVER
1011 178 1383 226 CHARTERS

755 508 832 561 xvj
865 508 941 551 die
972 508 1161 561 Aprilis,
1191 515 1218 559 5
1248 508 1367 552 Eliz.

1050 615 1079 661 i.

258 713 546 761 Novssnm‘r
581 712 784 760 universi
821 729 902 776 per
940 723 1174 776 presentes
1211 729 1311 770 nos,
1356 713 1615 761 Robertum
1658 714 1867 778 Hedley‚

260 781 318 828 de
343 779 453 827 villa
475 791 521 827 et
546 791 687 844 portu
712 780 891 836 Dovor,
921 780 967 826 in
1010 780 1237 827 comitatu
1267 781 1456 838 Kancie,
1492 781 1786 846 shipwright‚
1822 793 1869 828 et

260 847 286 872 *
307 847 577 904 Katharina,
603 863 721 893 uxor
757 846 872 911 ejuS‚
898 846 991 893 filia
1021 858 1067 893 et
1104 847 1235 894 heres
1271 847 1500 894 Willelmi
1536 848 1866 912 Spurnestone,

262 931 412 977 nuper
435 914 493 961 de
517 914 685 960 Dovor
709 913 931 978 predicta,
956 912 1184 971 defuncti,
1210 931 1295 978 pro
1319 926 1444 962 certa
1467 915 1661 979 pecunie
1684 932 1868 962 summa

262 981 396 1028 nobis
419 998 500 1044 per
522 981 785 1042 Johannem
811 980 976 1038 Lucas,
999 981 1057 1028 de
1082 981 1190 1028 villa
1221 992 1268 1028 et
1303 993 1444 1045 portu
1481 982 1716 1046 predictis,
1741 982 1868 1046 ship-

261 1048 448 1112 wright,
475 1047 589 1094 bene
613 1058 659 1095 et
683 1047 882 1095 fideliter
907 1064 989 1112 pre
1012 1048 1226 1095 manibus
1253 1049 1419 1107 soluta,
1455 1066 1505 1096 ac
1540 1049 1639 1096 aliis
1673 1049 1869 1097 diversis

261 1114 715 1162 consideracionibus
761 1114 895 1162 nobis
940 1114 1198 1178 specialiter
1252 1116 1566 1174 moventibus,
1624 1116 1868 1177 remisisse,

262 1181 498 1240 relaxasse,
523 1193 570 1228 et
595 1181 791 1228 omnino
814 1182 872 1228 de
897 1181 1033 1228 nobis
1057 1199 1144 1246 pro
1169 1182 1302 1230 nobis
1331 1195 1378 1230 et
1414 1183 1664 1231 heredibus
1699 1184 1871 1231 nostris

263 1249 478 1314 quietum
530 1249 747 1296 clamasse
800 1247 983 1312 prefato
1033 1250 1235 1310 Johanni
1289 1250 1453 1309 Lucas,
1507 1251 1554 1297 in
1594 1250 1694 1316 ejus
1734 1251 1870 1315 plena

262 1316 550 1380 possessione
601 1315 827 1362 existente
880 1316 1103 1363 heredum
1145 1328 1191 1364 et
1231 1317 1590 1381 assignatorum,
1632 1319 1690 1366 ad
1731 1335 1867 1365 usum

261 1383 473 1448 ejusdem
495 1382 722 1444 Johannis
744 1383 911 1441 LucaS,
940 1383 1166 1430 heredum
1200 1395 1247 1431 et
1281 1384 1620 1448 assignatorum
1657 1401 1869 1444 suorum,

263 1450 612 1514 imperpetuum
646 1460 802 1497 totum
838 1422 946 1498 inde
981 1461 1196 1497 nostrum
1224 1450 1418 1498 titulum
1451 1452 1698 1510 clameum,
1724 1453 1870 1499 inter-

262 1533 372 1574 esse,
398 1528 445 1563 et
469 1516 755 1564 demandum
780 1533 871 1582 que
895 1516 1116 1564 habemus
1140 1517 1387 1565 habuimus
1418 1535 1498 1566 seu
1521 1519 1691 1584 quovis
1726 1520 1870 1567 modo

263 1583 312 1630 in
347 1582 562 1630 futurum
599 1583 766 1630 habere
796 1583 1070 1647 poterimus,
1097 1585 1155 1632 de
1178 1595 1225 1632 et
1250 1584 1297 1632 in
1321 1585 1524 1633 *totum
1549 1586 1665 1634 illud
1691 1603 1867 1634 novum

264 1650 512 1726 gardinum
533 1667 638 1696 cum
657 1650 876 1697 omnibus
894 1651 987 1697 suis
1007 1651 1319 1715 pertinenciis,
1338 1652 1588 1700 scituatum
1595 1653 1868 1730 ,jacentem,

265 1728 311 1764 et
348 1717 622 1764 existentem
660 1717 782 1764 infra
818 1718 1096 1775 libertatem,
1136 1719 1259 1775 ville,
1298 1730 1345 1766 et
1383 1731 1547 1783 portus
1588 1720 1783 1784 predicti
1822 1721 1868 1768 in

266 1784 474 1848 Georges
528 1785 720 1840 Warde,
768 1785 998 1843 videlicet,
1041 1786 1163 1833 inter
1203 1802 1503 1834 communem
1544 1788 1668 1834 viam
1710 1804 1870 1835 versus

266 1851 537 1908 northwest,
580 1852 621 1897 le
663 1851 766 1898 cliff
800 1869 959 1899 versus
993 1853 1244 1910 southeast,
1283 1865 1454 1901 terram
1489 1854 1679 1902 domine
1715 1866 1871 1902 nostre

267 1918 441 1981 regine,
481 1934 627 1981 nuper
665 1919 976 1982 pertinentem
1014 1920 1071 1967 ad
1108 1921 1309 1968 domum
1347 1921 1422 1968 dei
1458 1922 1625 1968 Dovor
1648 1922 1869 1987 predicte,

269 1996 479 2031 vocatam
526 1985 567 2031 le
614 1985 791 2032 maison
837 1986 961 2044 dieu,
1013 1987 1158 2035 modo
1214 1987 1261 2034 in
1321 1988 1628 2052 occupacione
1685 1989 1872 2036 Thome

268 2051 531 2109 Cockerell,
574 2069 736 2099 versus
780 2054 1035 2100 southwest
1090 2065 1137 2102 et
1196 2054 1468 2102 northeast:
1525 2055 1596 2103 Ita
1653 2056 1870 2103 videlicet

268 2119 397 2182 quod
424 2135 506 2165 nec
531 2135 629 2176 n03,
656 2119 893 2182 predictus
920 2120 1151 2168 Robertus
1175 2120 1367 2184 Hedley
1390 2133 1436 2168 et
1463 2122 1733 2180 Katherina,
1754 2139 1872 2170 uxor

267 2185 378 2250 ejus,
420 2202 502 2232 nec
539 2186 728 2233 heredes
765 2188 928 2247 nostri,
966 2205 1048 2234 nec
1074 2188 1240 2252 aliquis
1263 2188 1379 2236 alius
1411 2206 1493 2252 per
1518 2206 1602 2237 nos
1626 2207 1713 2266 pro
1739 2190 1872 2237 nobis

268 2269 348 2299 seu
385 2252 573 2299 nomine
610 2265 788 2314 nostro,
823 2254 1048 2318 aliquod
1029 2272 1112 2320 Jus
1135 2255 1341 2313 titulum,
1367 2255 1608 2313 clameum,
1634 2257 1869 2315 interesse,

271 2320 342 2366 vel
367 2319 686 2367 demandum
678 2337 724 2366 1n
751 2319 932 2383 prefato
955 2322 1152 2386 gardino
1180 2338 1286 2369 cum
1322 2323 1416 2370 suis
1451 2324 1761 2387 pertinenciis,
1789 2341 1872 2371 nec

270 2386 316 2432 in
356 2386 509 2450 aliqua
545 2386 652 2434 inde
691 2388 900 2450 parcella,
939 2389 997 2436 de
1035 2400 1190 2436 cetero
1227 2389 1436 2466 clamare,
1476 2391 1770 2449 demandare,
1797 2392 1869 2438 vel

271 2453 512 2500 vendicare
538 2454 810 2516 poterimus,
837 2472 919 2502 nec
944 2455 1166 2503 debemus
1190 2457 1360 2520 quovis
1384 2457 1566 2504 modo
1557 2475 1602 2504 in
1640 2457 1869 2515 futurum,

269 2520 348 2567 sed
373 2520 429 2566 ab
453 2520 581 2567 omni
607 2521 789 2568 accione
806 2521 929 2586 juris
953 2523 1094 2580 tituli,
1120 2535 1164 2570 et
1194 2523 1370 2584 clamei,
1395 2524 1630 2585 demandi,
1655 2537 1701 2572 et
1726 2525 1872 2572 inter-

268 2603 365 2633 esse
390 2587 434 2633 in
461 2587 634 2634 eisdem
675 2589 859 2650 penitus
890 2606 1053 2637 sumus
1090 2590 1279 2647 exclusi,
1315 2603 1361 2639 et
1398 2608 1479 2655 per
1513 2604 1748 2657 presentes
1783 2592 1872 2639 im-

270 2664 549 2730 perpetuum
575 2656 767 2717 expulsi.

373 2720 425 2767 In
451 2721 582 2786 cujus
606 2722 669 2768 rei
696 2722 1020 2770 testimonium
1049 2740 1146 2780 nos,
1173 2724 1409 2788 predictus
1430 2724 1662 2772 Robertus
1682 2724 1873 2789 Hedley
