2181 3155
451 225 466 256 1
481 224 537 271 92
926 209 1164 256 DOVER
1203 208 1573 255 CHARTERS

440 342 580 388 finem
622 341 928 404 parliamenti,
977 358 1064 404 pro
1101 357 1146 386 se
1193 351 1238 387 et
1278 339 1496 386 omnibus
1544 340 1799 386 Batonibus
1844 341 2053 406 quinque

440 420 680 471 portuum,
732 409 902 456 ibidem
961 418 1220 471 expectant,
1267 423 1471 471 quorum
1526 407 1669 453 trium
1718 406 1790 454 vel
1845 408 2052 470 plurium

440 477 672 522 Baronum
699 477 794 539 ipse
830 477 949 522 Baro
983 476 1155 522 electus
1190 473 1300 520 ville
1329 474 1387 521 de
1425 473 1726 520 ffaveresham
1761 474 1969 538 predicte
1992 476 2051 522 sit

439 542 608 599 nullus,
667 543 795 607 quod
854 554 1025 590 extunc
1083 543 1139 588 ad
1187 542 1391 589 reditum
1449 540 1685 588 dictorum
1739 542 1974 589 Baronum
2026 559 2052 588 a

438 611 746 673 parliamento
784 610 1008 672 predicto,
1048 621 1151 672 post
1191 619 1374 672 tempus
1420 608 1608 654 licencie
1649 609 1869 670 predicte,
1908 620 2051 656 cesset

437 677 536 742 ejus
560 677 738 724 solucio
763 678 929 741 viginti
956 677 1252 723 denariorum
1280 693 1359 738 per
1384 675 1524 732 diem,
1544 675 1780 722 solucione
1804 676 2051 723 vadiorum

437 744 645 809 ejusdem
688 744 879 790 Baronis
919 755 1120 807 quatuor
1155 743 1337 790 dierum
1376 743 1532 789 eundo
1573 743 1629 789 ad
1668 742 1847 790 dictum
1885 743 2052 807 parlia-

440 823 651 858 mentum
693 823 739 858 et
772 811 1012 857 redeundo
1047 810 1104 857 ab
1135 811 1299 857 eodem
1338 810 1653 873 parliamento,
1694 810 1927 867 videlicet,
1965 827 2052 873 pro

441 878 651 953 quolibet
671 878 744 924 die
763 877 932 942 viginti
958 878 1187 934 denariOS,
1207 877 1357 924 eidem
1380 876 1547 923 Baroni
1569 876 1761 923 omnino
1781 889 2015 924 reservato
2038 897 2047 924 ε

441 946 505 993 Et
552 946 587 991 si
636 962 732 1008 ipse
779 945 899 991 Baro
943 945 1002 992 de
1049 944 1349 991 ffaveresham
1396 945 1456 991 sit
1505 961 1623 990 unus
1670 944 1857 991 illorum
1904 944 2048 991 trium

439 1013 674 1059 Baronum
701 1011 773 1058 vel
799 1011 1005 1074 plurium
1030 1012 1092 1058 sic
1117 1011 1289 1058 electus
1325 1029 1470 1087 usque
1506 1011 1562 1058 ad
1598 1011 1735 1058 finem
1761 1012 2047 1074 parliamenti

437 1090 714 1142 exspectare,
756 1079 885 1142 quod
931 1089 1100 1125 extunc
1141 1080 1288 1142 capiet
1330 1079 1496 1142 viginti
1543 1078 1757 1125 denarios
1798 1096 1878 1141 per
1924 1079 2049 1125 diem

438 1164 584 1211 usque
630 1146 687 1193 ad
729 1146 868 1193 finem
910 1145 1023 1194 dicti
1072 1145 1378 1210 parliamenti,
1416 1157 1462 1193 et
1504 1162 1591 1208 pro
1636 1158 1839 1210 quatuor
1885 1146 2048 1192 diebus

438 1215 575 1271 ultra,
600 1213 831 1270 videlicet,
858 1230 943 1276 pro
978 1213 1162 1260 duobus
1192 1213 1355 1260 diebus
1384 1214 1431 1259 in
1463 1213 1620 1260 eundo
1643 1214 1700 1259 ad
1734 1214 1856 1260 idem
1884 1213 2048 1275 parlia-

438 1292 649 1328 mentum
685 1291 731 1327 et
767 1297 852 1344 pro
887 1280 1073 1327 duobus
1108 1280 1275 1328 diebus
1311 1281 1356 1326 in
1395 1280 1635 1327 redeundo
1671 1280 1726 1326 ab
1761 1280 1923 1327 eodem
1958 1280 2047 1327 fine

438 1348 744 1412 parliamenti,
771 1348 1003 1404 videlicet,
1030 1365 1115 1410 pro
1143 1347 1352 1412 quolibet
1384 1347 1459 1395 die
1492 1347 1659 1411 viginti
1699 1347 1911 1394 denarios
1937 1366 1944 1393 :
1984 1347 2048 1394 Et

437 1427 644 1478 preterea
701 1415 894 1478 predicti
968 1415 1128 1480 Major
1180 1426 1225 1462 et
1286 1415 1610 1462 Communitas
1667 1415 1891 1488 predicte
1940 1414 2048 1460 ville

437 1485 653 1530 Dovorre
710 1493 1035 1530 concesserunt
1082 1499 1166 1544 pro
1223 1499 1269 1528 se
1326 1492 1372 1528 et
1429 1481 1769 1528 successoribus
1826 1481 1920 1528 suis
1966 1499 2047 1544 per

438 1560 673 1614 presentes
719 1549 848 1613 quod
897 1550 1120 1613 quociens
1170 1548 1412 1613 continget
1459 1549 1713 1611 predictam
1759 1548 2046 1596 solucionem

437 1617 604 1681 viginti
635 1616 934 1663 denariorum
972 1634 1052 1679 per
1076 1616 1212 1672 diem,
1238 1627 1341 1678 post
1371 1616 1511 1662 finem
1538 1616 1825 1691 parliamenti
1861 1633 1941 1690 per
1970 1633 2048 1663 sex

437 1684 550 1740 dies,
578 1695 629 1730 ut
654 1684 958 1746 premittitur,
983 1682 1209 1740 solvend’‚
1235 1694 1388 1730 aretro
1412 1682 1557 1730 fore
1548 1701 1593 1730 ιη
1619 1695 1748 1746 parte
1773 1683 1878 1730 vel
1870 1700 1918 1729 in
1945 1694 2048 1730 toto

440 1768 532 1798 non
557 1750 771 1808 solutam,
797 1751 926 1815 quod
951 1762 1120 1798 extunc
1145 1751 1318 1798 tociens
1343 1750 1456 1797 bene
1482 1751 1612 1797 liceat
1637 1751 1772 1798 dictis
1802 1751 1975 1815 Majori
2001 1762 2047 1798 et

439 1818 781 1865 Communitati
830 1817 1036 1882 predicte
1083 1817 1193 1864 ville
1250 1818 1308 1865 de
1366 1818 1666 1864 ffaveresham
1715 1818 1960 1864 heredibus
2000 1830 2046 1865 et

438 1885 776 1932 successoribus
811 1885 906 1932 suis
943 1885 1094 1932 dictos
1124 1885 1360 1950 Majorem
1401 1896 1446 1931 et
1485 1885 1885 1932 Communitatem
1923 1885 2046 1932 dicte

438 1952 546 1999 ville
572 1954 789 1999 Dovorre
818 1952 1009 1998 heredes
1032 1963 1078 1998 et
1107 1969 1388 1999 successores
1416 1969 1524 1999 suos
1553 1969 1633 2015 per
1665 1953 1820 1999 omnia
1854 1952 1974 1998 bona
2000 1963 2045 1999 et

438 2019 597 2067 catalla
620 2036 704 2066 sua
737 2019 784 2065 in
809 2019 1180 2084 quibuscumque
1214 2019 1325 2066 locis
1349 2030 1395 2066 et
1422 2020 1543 2065 villis
1568 2020 1775 2084 quinque
1801 2031 2043 2082 portuum,

438 2098 516 2133 aut
536 2103 697 2134 eorum
719 2086 1053 2143 membrorum,
1072 2086 1369 2133 inveniantur
1387 2086 1680 2150 distringere,
1700 2098 1745 2133 et
1766 2104 1838 2142 ea,
1860 2088 2046 2133 nomine

441 2154 785 2209 Withernamii,
810 2153 1016 2200 detinere
1041 2171 1284 2217 quousque
1304 2154 1361 2200 de
1385 2171 1441 2200 eo
1465 2153 1595 2217 quod
1619 2154 1766 2200 eidem
1796 2154 1961 2200 Baroni
1987 2155 2044 2201 de

440 2222 586 2269 vadiis
609 2221 703 2267 suis
736 2220 880 2268 modo
903 2231 949 2267 et
975 2219 1125 2267 forma
1159 2221 1375 2283 superius
1403 2221 1577 2277 debito,
1605 2238 1802 2267 unacum
1829 2221 2046 2267 omnibus

438 2288 678 2352 arreragiis
720 2289 845 2334 misis
885 2298 930 2334 et
977 2288 1187 2351 expensis
1233 2305 1284 2334 ea
1331 2289 1567 2334 occasione
1615 2288 1796 2344 habitis,
1846 2289 2046 2351 plenarie

438 2355 610 2402 fuerint
634 2354 918 2402 satisfactum
947 2374 955 2402 ε
996 2356 1060 2402 Et
1095 2356 1152 2402 ad
1194 2372 1355 2403 omnes
1390 2367 1436 2402 et
1476 2356 1681 2420 singulas
1712 2356 2048 2402 convenciones
