2181 3155
373 217 468 263 270
851 200 1082 247 DovER
1121 198 1487 246 CHARTERS

978 400 1023 450 L
1042 400 1098 449 X
1117 399 1173 449 X
1193 399 1249 449 X
1266 398 1319 448 V
1338 398 1376 448 1.

832 518 906 570 viij
938 517 1161 570 Augusti,
1196 515 1246 557 18
1277 515 1407 556 Edw
1443 514 1518 556 IV.

373 626 565 671 Semim-
603 634 837 687 presentes
871 633 916 668 et
954 621 1100 668 futuri
1138 620 1267 686 quod
1305 636 1389 666 nos
1423 619 1680 682 Stephanus
1716 619 1914 676 Axsted,
1938 631 1985 666 et

374 691 593 748 Cristina,
620 707 737 737 uxor
762 707 879 746 mea,
905 689 963 736 de
990 690 1221 743 Dovorra,
1251 687 1467 734 dedimus
1497 686 1808 734 concessimus
1831 697 1878 733 et
1903 657 1985 733 hac

374 758 575 822 presenti
601 768 724 804 carta
760 768 916 803 nostra
951 755 1335 803 confirmavimus
1366 754 1555 800 Thome
1581 753 1775 810 Gerves,
1802 753 1986 811 Bochir,

374 837 419 872 et
432 825 671 900 *Johanne,
697 824 830 870 uxori
857 823 970 898 ejuS,
997 840 1143 870 unum
1170 833 1492 869 tenementum
1519 838 1624 868 cum
1649 821 1849 886 gardino
1877 837 1985 867 cum

374 893 469 939 suis
505 891 801 967 pertinenciis
835 891 1061 937 situatum
1100 889 1219 937 infra
1256 889 1520 936 libertatem
1564 889 1735 936 Portus
1771 889 1988 935 Dovorre

376 960 582 1024 predicte
640 960 686 1005 in
747 957 1118 1014 Werstonward‚
1176 956 1406 1020 capitand'
1465 973 1604 1020 super
1663 966 1984 1002 tenementum

376 1027 563 1074 Thome
588 1026 733 1088 Toky
759 1042 916 1072 versus
952 1036 1063 1081 east,
1088 1036 1133 1071 et
1169 1041 1307 1088 super
1335 1023 1526 1088 Regiam
1566 1023 1791 1070 venellam
1829 1039 1989 1070 versus

374 1105 503 1151 west,
520 1092 743 1141 laterand'
758 1109 896 1156 super
911 1109 1103 1139 vacuam
1120 1092 1320 1156 placeam
1340 1091 1521 1137 Ricardi
1538 1092 1746 1156 Grygge,
1762 1089 1989 1147 defuncti,

377 1179 538 1209 versus
564 1161 720 1216 north,
745 1171 791 1206 et
815 1159 1065 1224 gardinum
1092 1176 1239 1223 nuper
1261 1158 1462 1205 Simonis
1485 1159 1607 1223 Page
1632 1174 1792 1204 versus
1815 1157 1953 1204 south
1976 1175 1985 1203 τ

376 1228 574 1276 habend’
598 1239 645 1274 et
669 1228 855 1274 tenend‘
881 1227 1144 1290 predictum
1183 1237 1504 1272 tenementum
1530 1243 1637 1272 cum
1661 1225 1859 1290 gardino
1882 1241 1990 1271 cum

377 1297 471 1343 suis
517 1295 815 1359 pertinenciis
857 1293 1047 1357 prefatis
1094 1294 1281 1341 Thome
1328 1304 1373 1339 et
1419 1294 1647 1354 johanne,
1692 1292 1825 1339 uxori
1873 1292 1990 1357 ejus,

380 1363 628 1410 heredibus
673 1373 720 1408 et
762 1362 1003 1426 assignatis
1043 1361 1138 1407 suis
1180 1361 1560 1424 imperpetuum:
1625 1359 1836 1406 ffaciend'
1884 1359 1990 1406 inde

378 1431 626 1478 servicium
664 1430 843 1476 domini
882 1429 1026 1476 nostri
1066 1428 1207 1492 Regis
1231 1445 1336 1474 cum
1367 1428 1582 1475 acciderit
1606 1439 1652 1474 et
1688 1426 1993 1473 nihilominus

380 1497 652 1561 capitalibus
676 1497 880 1544 dominis
906 1495 1030 1543 feodi
1058 1513 1137 1559 per
1160 1495 1353 1542 servicia
1378 1495 1485 1542 inde
1523 1493 1680 1542 debita
1714 1506 1759 1541 et
1795 1494 1854 1541 de
1883 1494 1991 1558 jure

382 1576 602 1613 consueta
634 1583 641 1611 :
681 1575 726 1611 et
754 1581 838 1611 nos
871 1581 984 1610 vero
1020 1563 1216 1626 predicti
1253 1563 1512 1626 Stephanus
1546 1573 1591 1608 et
1618 1561 1837 1617 Cristina‚
1874 1578 1991 1608 uxor

384 1650 498 1689 mea,
525 1649 574 1679 ac
600 1632 792 1679 heredes
819 1631 965 1677 nostri
992 1630 1257 1694 predictum
1294 1640 1616 1676 tenementum
1652 1646 1760 1676 cum
1796 1629 1994 1693 gardino

383 1717 491 1746 cum
524 1700 618 1746 suis
642 1698 942 1762 pertinenciis
961 1698 1151 1762 prefatis
1175 1698 1365 1744 Thome
1393 1708 1437 1743 et
1463 1697 1691 1757 Johanne,
1719 1696 1851 1743 uxori
1878 1696 1992 1761 ejus,

384 1778 546 1814 contra
571 1783 732 1813 omnes
754 1777 916 1830 gentes
939 1764 1348 1812 warantizabimus
1373 1765 1736 1828 imperpetuum.

486 1835 539 1880 In
587 1834 718 1898 cujus
765 1834 829 1879 rei
879 1833 1203 1879 testimonium
1252 1832 1357 1878 huic
1418 1832 1618 1895 presenti
1667 1843 1789 1877 carte
1838 1842 1993 1877 nostre

383 1901 535 1965 sigilla
559 1912 717 1948 nostra
744 1901 1059 1964 apposuimus.

487 1970 609 2015 Data
632 1968 754 2031 apud
781 1969 1045 2014 Dovorram
1072 1967 1327 2029 predictam
1354 1977 1521 2012 octavo
1545 1965 1618 2011 die
1644 1965 1848 2028 Augusti
1875 1981 1996 2011 anno

386 2036 515 2100 regni
544 2036 684 2099 Regis
701 2034 940 2090 Edwardi,
965 2034 1117 2098 quarti
1140 2045 1244 2097 post
1269 2044 1578 2097 conquestum
1606 2032 1790 2096 Anglie,
1815 2032 1996 2079 decimo

386 2114 567 2149 octavo.

492 2169 587 2215 His
623 2168 849 2215 testibus:
890 2168 1078 2213 Thoma
1114 2167 1338 2223 Exstalle,
1377 2177 1486 2213 tunc
1526 2166 1710 2230 Majore
1747 2167 1856 2213 ville
1895 2182 1998 2229 pre-

388 2237 546 2294 dicte;
587 2236 785 2282 Ricardo
826 2234 1070 2288 Palmere;
1131 2235 1316 2281 Thoma
1354 2233 1539 2289 ffoche3
1591 2234 1777 2279 Thoma
1820 2234 1995 2296 Toky;

390 2304 596 2351 Roberto
622 2304 771 2349 Lucas
796 2319 807 2358 3
846 2302 1034 2348 Thoma
1061 2302 1272 2364 Rymour
1299 2318 1309 2356 ;
1346 2312 1389 2347 et
1416 2301 1528 2347 aliis.

395 2846 536 2911 [¹44]
