2192 3342
480 242 541 286 80
973 239 1212 287 DOVER
1248 237 1620 286 CHARTERS

473 358 655 405 cionem
679 370 843 406 contra
877 359 1040 406 Cartas
1079 369 1125 405 et
1163 358 1399 405 libertates
1438 357 1678 406 Baronum
1715 368 1942 420 portuum
1975 372 2082 419 pre-

473 426 727 484 dictorum,
786 444 811 474 a
858 426 1072 473 Domino
1122 426 1249 489 Rege
1294 438 1341 472 et
1383 424 1783 488 predecessoribus
1828 425 1925 470 suis
1971 439 2083 470 con-

474 493 693 553 firmatas,
741 505 787 541 et
824 493 1046 540 hactenus
1081 510 1106 539 a
1144 504 1356 556 tempore
1388 509 1485 556 quo
1521 492 1747 539 memoria
1782 509 1876 539 non
1923 490 2082 538 existit

475 572 672 619 usuatas,
720 560 1014 607 continentes
1059 560 1189 624 quod
1227 560 1263 605 si
1312 560 1417 623 quis
1463 570 1625 606 contra
1661 559 1810 606 dictas
1845 557 2083 605 libertates

472 639 729 691 atemptare
776 628 1114 690 presumpserit
1160 627 1357 674 Custodi
1395 627 1620 690 Quinque
1669 625 1903 673 Portuurn
1949 641 1993 672 x.
2033 625 2080 672 li.

473 695 810 759 sterlingorum
836 694 1014 742 solvere
1055 705 1252 751 tenetur,
1274 694 1612 758 quamquidem
1648 693 1992 740 districcionem
2029 704 2081 739 ut

473 762 761 824 premittitur
786 762 906 824 cepit
933 762 1089 808 minus
1106 761 1235 825 juste
1258 773 1304 808 et
1330 774 1491 808 contra
1516 761 1750 807 libertates
1773 760 2001 823 predictas
2023 759 2081 806 ad

471 829 730 892 dampnum
753 829 952 894 Majoris
977 829 1090 876 dicti
1108 829 1281 875 Portus
1305 845 1345 877 x.
1366 828 1431 885 li„
1451 841 1496 875 et
1522 830 1567 875 in
1591 844 1731 892 grave
1756 838 2081 891 contemptum

475 896 668 942 Domini
697 897 852 960 Regis,
879 908 926 942 et
954 896 1181 943 Custodis
1204 896 1415 960 quinque
1452 907 1693 959 portuum,
1718 907 1802 944 etc.
1877 894 1940 941 Et
1978 910 2084 957 pre-

472 964 628 1010 dictus
677 963 919 1010 Henricus
962 963 1151 1010 veniens
1187 975 1233 1010 et
1272 962 1539 1020 defendens,
1588 963 1829 1026 respondit
1869 974 1915 1008 et
1953 961 2080 1018 dicit,

873 1031 1005 1095 quod
1032 1030 1207 1077 nullam
1242 1031 1588 1078 districcionem
1627 1032 1747 1093 cepit
1785 1028 1907 1076 infra
1943 1028 2083 1075 liber-

473 1098 718 1159 Preceptum
744 1111 811 1147 est.
875 1109 1018 1145 tatem
1054 1115 1183 1144 suam
1209 1109 1254 1144 et
1297 1098 1412 1161 petit
1448 1098 1576 1162 quod
1615 1098 1894 1161 inquiratur.
1970 1096 2083 1143 Ideo

876 1177 1150 1229 preceptum
1175 1177 1258 1212 est.
1300 1203 1308 1211 .
1351 1204 1359 1212 .
1400 1204 1409 1212 .

572 1282 719 1329 Breve
743 1282 923 1330 domini
952 1283 1092 1347 Regis
1116 1282 1348 1329 directum
1386 1281 1474 1328 fuit
1513 1283 1711 1329 Custodi
1738 1283 1946 1346 quinque
1977 1298 2082 1346 por-

471 1360 609 1396 tuum
649 1350 813 1396 harum
851 1351 1014 1397 seriem
1039 1351 1294 1397 continens,

571 1467 842 1526 Edwmdus,
868 1479 961 1524 etc„
996 1469 1270 1514 Mandamus
1294 1467 1420 1513 vobis
1456 1467 1572 1530 quod
1599 1470 1882 1514 execucioncm
1906 1466 2085 1526 Judicii

471 1547 614 1596 nuper
654 1535 818 1581 redditi
858 1537 904 1581 in
949 1535 1089 1582 Curia
1125 1546 1269 1580 nostra
1315 1535 1524 1580 Dovorre
1566 1536 1615 1580 de
1652 1535 1818 1597 loquela
1844 1551 1922 1597 que
1946 1547 2084 1597 nuper

460 1602 562 1663 fuit
596 1603 640 1648 in
678 1603 821 1648 eadem
865 1603 1002 1649 Curia
1041 1619 1183 1648 coram
1224 1602 1519 1648 Bartholomeo
1545 1603 1596 1648 de
1622 1602 1918 1664 Burghesshe,
1944 1615 2084 1664 nuper

477 1669 810 1716 Constabulario
854 1670 998 1716 Castri
1036 1682 1076 1715 et
1116 1670 1296 1715 Custode
1328 1682 1531 1731 portuum
1570 1670 1812 1725 eorundem,
1839 1671 1930 1715 sine
1954 1669 2085 1716 brevi

472 1748 625 1792 nostro,
672 1739 786 1784 inter
813 1737 1120 1783 Godescalcum
1154 1737 1423 1783 Bredenelite
1451 1738 1740 1782 Mercatorem
1770 1736 2010 1783 Almannie
2045 1750 2087 1783 et

472 1805 585 1849 inter
623 1805 843 1866 Majorem
882 1816 923 1850 et
959 1804 1158 1850 Ballivos
1190 1804 1297 1850 ville
1335 1805 1385 1850 de
1416 1803 1672 1864 Wynchelse,
1701 1804 1925 1850 decatallis
1949 1805 2085 1866 ipsius

478 1870 729 1917 Godescalci
762 1873 898 1933 captis
921 1882 962 1916 et
984 1872 1142 1934 injuste
1167 1871 1343 1917 detentis
1381 1882 1428 1917 ut
1463 1871 1706 1927 dicebatur,
1749 1872 1838 1917 sine
1878 1871 2084 1918 dilatione

466 1937 569 1994 fieri
579 1938 775 2000 faciatis.
851 1937 988 1997 Teste,
1015 1950 1108 1996 etc„
1133 1956 1174 1983 x.
1200 1938 1268 1984 die
1294 1938 1478 1998 Aprilis,
1504 1950 1742 1997 etc.,v¹anno
1765 1940 1903 2001 xxxij,
1929 1951 2001 1984 etc,

575 2074 764 2120 Virtute
799 2073 932 2138 cujus
967 2072 1121 2120 brevis
1157 2073 1430 2120 mandatum
1470 2071 1559 2119 fuit
1598 2072 1775 2138 Majori
1817 2084 1862 2120 et
1901 2073 2085 2122 Ballivo

474 2142 533 2188 de
581 2141 865 2204 Wynchelse
913 2141 1043 2204 quod
1081 2140 1195 2187 scire
1230 2139 1434 2186 facerent
1472 2140 1723 2187 Valentino
1759 2141 1816 2188 de
1853 2141 2084 2201 Dovorra,

477 2208 712 2273 Majorem
771 2208 821 2272 [!]
891 2208 1014 2254 dicte
1084 2206 1192 2254 ville
1274 2220 1485 2271 ternpore
1554 2208 1780 2271 captionis
1847 2208 2083 2256 dictorum

475 2276 724 2333 bonorum,
757 2286 804 2322 et
842 2274 1101 2322 Vincencio
1139 2274 1305 2322 ffinche
1341 2286 1452 2321 tunc
1491 2275 1672 2322 Ballivo
1708 2275 1816 2322 ville
1863 2276 2082 2338 predicte.

475 2342 539 2390 Et
565 2354 805 2389 retornant
833 2343 1108 2389 mandatum
1134 2358 1272 2388 suum
1310 2342 1355 2387 in
1394 2343 1475 2388 hac
1501 2340 1666 2388 forma.
1740 2342 1863 2389 Scire
1889 2342 2086 2390 fecimus

475 2443 730 2491 Vincencio
753 2442 931 2499 ffinche‚
962 2460 1042 2507 per
1110 2409 1676 2523 &iffiglffiffmGsest-ssgrke
1735 2410 1758 2539 }
1811 2443 2087 2491 Valentinus

1680 2514 1692 2536 ³

474 2545 532 2591 de
559 2544 778 2590 Dovorra
817 2554 1034 2590 mortuus
1070 2555 1170 2590 est:
1211 2542 1274 2590 Et
1311 2543 1463 2590 dictus
1502 2543 1782 2590 Vincencius
1813 2560 2000 2607 presens
2037 2543 2084 2589 in

477 2611 621 2658 Curia
657 2611 774 2675 petit
815 2610 986 2657 auditis
1021 2611 1216 2657 recordo
1251 2621 1296 2657 et
1334 2627 1552 2673 processu
1596 2611 1710 2658 dicti
1750 2611 1804 2674 [!]
1845 2627 2090 2675 recupera-

475 2678 632 2734 tionis,
657 2678 828 2743 quibus
870 2679 1015 2735 lectiS,
1040 2678 1194 2724 dictus
1231 2678 1509 2724 Vincencius
1546 2677 1778 2725 allocutus
1818 2678 1973 2742 siquid
2000 2694 2087 2742 pro

475 2762 521 2792 se
547 2745 708 2792 habeat
736 2746 807 2792 vel
834 2746 988 2792 dicere
1013 2746 1125 2792 sciat
1151 2762 1294 2809 quare
1318 2745 1441 2791 dicta
1467 2745 1627 2792 catalla
1664 2746 1710 2792 in
1736 2746 1866 2792 dicto
1890 2746 2087 2792 recordo

474 2824 692 2860 contenta
729 2814 786 2860 de
826 2812 958 2859 bonis
995 2824 1040 2859 et
1079 2812 1251 2859 catallis
1288 2813 1383 2860 suis
1421 2813 1678 2859 secundum
1728 2811 1927 2860 formam
1970 2812 2083 2860 dicti
