2181 3155
447 222 540 266 208
929 217 1169 266 DOVER
1207 217 1577 266 CHARTERS

442 350 666 413 predictis
689 362 799 398 octo
834 351 949 397 acris
973 361 1094 396 terre
1118 361 1163 396 et
1190 349 1340 396 tribus
1377 350 1505 396 rodis
1530 361 1649 396 terre
1674 366 1814 414 quam
1851 350 1897 396 in
1922 350 2057 396 terris

442 428 487 463 et
527 417 804 464 tenementis
842 418 953 464 dicti
1002 417 1227 476 Johannis
1267 416 1560 481 distringere,
1603 429 1649 463 et
1697 416 2059 481 [distri]cciones

442 483 550 549 [sic]
589 497 742 548 captas
782 484 1030 560 [abducere
1071 494 1306 547 asportare
1344 494 1389 530 et
1438 484 1636 530 retinere
1683 482 1952 548 quousque]
1998 484 2057 530 de

443 551 664 599 omnibus
710 552 954 617 arreragiis
1013 551 1137 598 dicte
1196 551 1327 597 firme
1385 551 1522 597 simul
1583 567 1691 597 cum
1739 550 1954 613 dampnis
2011 562 2058 597 et

443 619 653 683 expensis
711 636 844 666 causa
901 618 1038 684 hujus
1096 617 1383 664 detencionis
1441 617 1610 664 habitis
1669 617 1870 681 plenarie
1915 617 2058 664 fuerit

443 685 763 734 satisfactum:
792 686 859 752 [et
885 685 1105 750 predicti]
1123 685 1340 750 magister
1364 696 1410 731 et
1436 683 1691 731 confratres
1710 696 1755 732 et
1779 701 2061 732 successores

443 752 512 800 sui
545 754 775 818 predictas
811 765 919 801 octo
948 770 1071 800 acras
1100 764 1146 800 et
1176 764 1268 799 tres
1301 752 1438 798 rodas
1475 763 1594 798 terre
1623 769 1731 799 cum
1761 751 2060 815 pertinenciis

443 820 536 867 suis
579 821 789 884 predicto
823 820 1038 881 Johanni,
1078 819 1124 866 in
1162 818 1314 866 forma
1350 819 1618 882 prescripta,
1655 819 2061 866 warantizabimus

445 886 628 952 [contra
702 905 864 935 omnes
934 898 1098 951 gentes
1169 886 1573 952 imperpetuum]:
1647 897 1692 933 et
1767 886 2062 949 supradictus

444 955 682 1019 Johannes
717 954 908 1001 heredes
943 954 1040 1001 sive
1076 954 1291 1017 assignati
1319 971 1387 1000 sui
1426 954 1572 1000 dictas
1605 965 1713 1001 octo
1737 971 1860 1000 acras
1895 965 1940 1001 et
1967 966 2060 1001 tres

444 1022 580 1069 rodas
616 1033 734 1069 terre
771 1033 875 1084 post
901 1020 1102 1086 [dictum
1140 1021 1416 1095 terminum]
1442 1020 1643 1084 plenarie
1672 1038 1855 1068 sursum
1894 1020 2060 1068 libera-

445 1089 561 1136 bunt
600 1089 647 1135 in
684 1100 779 1135 tam
822 1088 946 1136 bono
981 1099 1103 1136 statu
1144 1087 1265 1135 sicut
1300 1106 1324 1135 a
1359 1088 1495 1136 dictis
1530 1088 1754 1153 magistro
1796 1099 1841 1135 et
1877 1088 2057 1135 confra-

445 1156 627 1203 tribus
618 1174 664 1202 ιη
690 1156 921 1220 principio
946 1166 1235 1231 receperunt.

545 1224 599 1270 In
620 1223 750 1288 cujus
773 1223 838 1270 rei
861 1223 1183 1270 testimonium
1200 1222 1400 1286 presenti
1422 1222 1671 1269 indenture
1692 1234 1786 1269 tam
1807 1222 2059 1288 [sigillum]

445 1308 694 1338 commune
727 1290 935 1354 ipsorum
972 1290 1180 1355 magistri
1218 1301 1263 1337 et
1300 1289 1591 1336 confratrum
1627 1288 1793 1355 [quam
1830 1289 2060 1355 sigillum]

445 1359 557 1406 dicti
582 1358 810 1433 Johannis
834 1357 1095 1405 alternatim
1120 1368 1228 1404 sunt
1253 1374 1466 1431 appensa.

546 1427 667 1472 Data
714 1425 761 1472 in
797 1425 942 1472 domo
982 1425 1056 1473 dei
1094 1426 1309 1472 Dovorre
1350 1442 1397 1470 in
1442 1424 1579 1471 Festo
1621 1424 1772 1471 Sancti
1815 1424 2061 1472 Michaelis

444 1492 729 1558 Archangeli
800 1491 964 1557 [anno]
1023 1492 1151 1556 regni
1225 1491 1366 1556 Regis
1437 1490 1675 1555 Henric[i,
1735 1492 1881 1538 *sexti
1953 1504 2058 1555 post

445 1559 777 1625 conquestum]
803 1560 992 1624 Anglie,
1019 1559 1240 1605 vicesimo
1265 1559 1430 1621 primo.

549 1635 642 1681 The
665 1635 808 1681 deed
793 1652 826 1681 ts
851 1635 980 1682 much
1006 1634 1260 1680 obliterated
1281 1634 1374 1680 and
1394 1646 1485 1680 torn
1513 1635 1555 1679 in
1581 1634 1750 1680 several
1760 1634 1921 1694 places.

527 1784 551 1805 ⁶*
569 1784 659 1821 The
681 1783 766 1820 date
797 1783 842 1820 of
859 1783 931 1820 this
953 1784 1102 1820 charter
1122 1783 1150 1820 is
1173 1783 1270 1820 fixed
1301 1783 1339 1819 in
1364 1783 1500 1833 Henry
1522 1781 1630 1819 Vl-’s
1653 1783 1756 1832 reign
1780 1783 1828 1832 by
1860 1784 1924 1820 the
1947 1797 2058 1822 name

445 1840 490 1876 of
515 1840 579 1875 the
603 1838 749 1875 Master
777 1838 877 1887 John
911 1836 1059 1883 Wellis,
1082 1838 1181 1881 who,
1214 1837 1307 1875 frorn
1339 1838 1449 1874 other
1478 1851 1639 1883 sources,
1670 1838 1699 1874 is
1725 1838 1864 1874 known
1896 1848 1935 1875 to
1965 1839 2059 1876 have

448 1894 544 1931 been
567 1893 631 1930 the
653 1901 845 1942 occupant
865 1891 911 1929 of
926 1893 1007 1929 that
1027 1892 1134 1929 office
1155 1892 1272 1929 about
1299 1903 1412 1941 1442.

447 2386 557 2452 [¹0]
