2192 3342
419 214 483 262 60
898 215 1130 264 DOVER
1167 215 1537 264 CHARTERS

1088 414 1146 464 X
1164 414 1221 464 X
1237 414 1291 465 V
1309 415 1350 467 1.

892 530 989 582 xiiij
1020 530 1196 582 Aprilis
1223 539 1277 582 32
1308 531 1441 572 Edw.
1473 530 1558 573 n1.

416 635 590 682 CuaiA
645 646 772 681 tenta
824 633 998 681 ibidem
1051 650 1207 680 coram
1256 635 1451 682 domino
1502 636 1692 699 Rogero
1726 635 1783 682 de
1823 636 2024 682 Mortuo

727 701 875 756 Mari,
930 700 1118 748 Comite
1172 702 1399 759 Marchie,
1456 701 1812 750 Constabulario
1868 701 2023 749 Castri

415 769 652 830 Shipweye.
724 769 963 824 Dovorre,
1046 779 1092 815 et
1163 768 1376 816 Custode
1461 769 1686 833 Quinque
1771 770 2021 828 portuum,

723 835 799 882 die
850 834 1033 882 Sabbati
1085 847 1256 900 quarto
1307 836 1494 884 decimo
1546 836 1621 884 die
1673 836 1853 900 Aprilis
1901 853 2024 884 anno

412 902 551 967 xxxij,
589 912 675 949 etc.

511 1037 795 1100 Preceptum
820 1035 911 1084 fuit
932 1036 1214 1103 Majoribus,
1236 1037 1425 1085 Ballivis
1449 1049 1495 1085 et
1515 1037 1772 1085 Baronibus
1791 1038 1848 1085 de
1868 1037 2018 1101 Wyn-

410 1103 574 1162 chelse,
619 1105 736 1167 Rye,
781 1105 1004 1162 Romene‚
1048 1104 1228 1162 Hethe‚
1271 1106 1506 1162 Dovorre,
1542 1116 1588 1152 et
1612 1105 1853 1162 Sandwici,
1889 1106 2019 1169 quod

411 1171 568 1218 venire
606 1170 776 1218 faciant
814 1172 889 1218 hic
926 1171 1197 1236 singillatim
1234 1172 1292 1219 de
1333 1172 1543 1236 quolibet
1586 1184 1812 1236 portuum
1838 1172 2021 1236 predic-

410 1249 567 1285 torum
609 1238 669 1303 xij
715 1238 885 1302 probos
931 1249 977 1285 et
1023 1239 1191 1303 legales
1239 1239 1450 1286 homines
1495 1240 1553 1286 de
1592 1240 1761 1304 juratis
1809 1240 2018 1302 ipsorum

408 1304 586 1353 essend'
612 1306 685 1352 hic
710 1322 866 1353 coram
885 1306 1013 1352 dicto
1032 1306 1240 1353 Custode
1266 1324 1357 1353 una
1381 1323 1487 1353 cum
1511 1307 1650 1353 dictis
1684 1306 1949 1372 Majoribus
1972 1318 2018 1353 et

409 1373 599 1419 Ballivis
639 1373 696 1420 ad
739 1373 989 1437 recipiend'
1030 1384 1077 1420 et
1118 1372 1312 1421 faciend’
1355 1390 1406 1419 ea
1445 1391 1536 1438 que
1577 1390 1633 1420 ex
1671 1386 1799 1437 parte
1836 1373 2016 1421 domini

411 1440 551 1504 Regis
590 1440 847 1487 secundum
886 1441 1269 1488 consuetudinem
1297 1440 1438 1487 Curie
1480 1440 1685 1503 predicte
1723 1441 1805 1486 eiis
1843 1439 2016 1488 fuerint

408 1507 701 1572 injungend'.
774 1508 1049 1571 Preceptum
1075 1508 1214 1555 etiam
1240 1507 1330 1554 fuit
1358 1507 1623 1573 Majoribus
1651 1518 1697 1554 et
1734 1508 1922 1554 Ballivis
1956 1507 2016 1554 de

409 1574 685 1639 Hastinges‚
725 1574 946 1633 Pevense,
989 1574 1254 1631 ffolkstane,
1305 1574 1550 1630 ffordwici,
1600 1585 1647 1622 et
1696 1574 2014 1631 ffaveresham,

408 1641 536 1706 quod
562 1642 718 1688 venire
744 1640 937 1688 fecerint
963 1641 1036 1688 hic
1060 1658 1216 1689 coram
1240 1658 1403 1688 eorum
1430 1641 1638 1689 Custode
1662 1641 1929 1706 singillatim
1956 1643 2015 1689 de

407 1707 617 1772 quolibet
654 1710 892 1756 dictorum
930 1720 1156 1773 portuum
1194 1709 1238 1773 vj
1272 1709 1444 1773 probos
1468 1720 1513 1756 et
1537 1708 1705 1773 legales
1729 1709 1942 1756 homines
1966 1710 2012 1755 in

407 1775 559 1822 forma
583 1776 803 1840 predicta.
877 1776 973 1838 Qui
1012 1793 1174 1823 omnes
1213 1776 1422 1841 Majores
1460 1787 1505 1824 et
1540 1776 1704 1823 Ballivi
1737 1787 1783 1823 et
1810 1777 2014 1823 Barones

406 1843 618 1901 veniunt,
643 1854 689 1890 et
715 1854 955 1890 retornant
981 1843 1196 1890 mandata
1225 1860 1321 1900 sua,
1347 1854 1392 1890 et
1409 1843 1566 1890 venire
1585 1842 1794 1890 fecerunt
1812 1844 2014 1890 Barones

406 1922 630 1974 portuum
677 1911 996 1974 predictorum
1044 1910 1090 1957 in
1139 1909 1292 1957 forma
1345 1927 1436 1974 qua
1492 1910 1805 1975 subsequitur,
1859 1922 2013 1973 preter

406 1977 608 2024 Ballivos
645 1988 691 2025 et
728 1978 929 2025 Barones
966 1978 1024 2025 de
1062 1978 1267 2024 Pevense
1309 1978 1389 2041 qui
1432 1977 1648 2024 mandata
1694 1994 1775 2024 sua
1817 1978 2013 2025 omnino

406 2061 499 2091 non
548 2055 789 2092 retornant
836 2055 975 2108 prout
1022 2045 1284 2091 habuerunt
1332 2045 1378 2091 in
1435 2045 1689 2093 mandatis:
1766 2046 1823 2092 ad
1883 2046 2011 2109 quod

410 2112 632 2159 Ricardus
669 2112 940 2170 Thurbarn,
968 2112 1173 2159 Ballivus
1211 2111 1414 2176 capitalis
1458 2112 1629 2159 Portus
1652 2113 1709 2159 de
1735 2112 2012 2177 Has-tinges,

405 2179 519 2226 dicit
571 2180 700 2243 quod
736 2180 908 2226 Portus
959 2179 1017 2225 de
1070 2180 1276 2226 Pevense
1324 2190 1392 2226 est
1435 2180 1698 2226 membrum
1742 2180 1913 2226 Portus
1953 2181 2010 2227 de

407 2246 680 2311 Hastinges,
718 2258 764 2294 et
802 2246 931 2311 quod
971 2246 1056 2310 ipsi
1096 2247 1153 2293 de
1192 2247 1399 2293 Pevense
1434 2264 1525 2292 non
1560 2259 1777 2293 tenentur
1802 2247 1856 2293 ad
1883 2247 2010 2310 ship-

405 2331 579 2376 weyam
632 2313 789 2360 venire
841 2313 925 2360 nisi
968 2330 1075 2360 cum
1117 2314 1267 2360 Portu
1309 2314 1367 2360 de
1412 2313 1685 2378 Hastinges,
1728 2314 1851 2360 unde
1894 2314 2010 2377 petit

406 2380 636 2427 Ballivum
675 2392 721 2428 et
759 2382 962 2427 Barones
999 2380 1056 2427 de
1096 2381 1303 2428 Pevense
1338 2381 1574 2443 predictos
1597 2381 1654 2428 de
1678 2397 1734 2427 eo
1757 2381 1886 2444 quod
1914 2398 2006 2427 non

405 2459 639 2495 retornare
690 2448 904 2495 mandata
953 2447 1178 2511 predicta,
1223 2446 1322 2493 fore
1359 2459 1633 2494 exoneratos
1671 2459 1716 2494 et
1753 2459 2006 2494 excusatos.

405 2515 492 2562 Cui
535 2515 714 2562 dictum
756 2526 840 2572 est,
881 2515 1009 2579 quod
1053 2531 1134 2578 per
1175 2514 1358 2560 diversa
1399 2515 1588 2561 recorda
1619 2526 1688 2561 est
1713 2527 2006 2578 compertum

404 2582 533 2646 quod
571 2582 771 2629 Barones
806 2582 863 2628 de
891 2582 1093 2628 Pevense
1119 2582 1174 2628 ad
1202 2581 1372 2628 dictam
1408 2581 1595 2628 Curiam
1621 2582 1863 2628 veniebant
1889 2592 2007 2628 tem-

405 2649 594 2712 poribus
620 2649 858 2696 retroactis
884 2660 975 2695 tam
1013 2660 1223 2712 tempore
1259 2665 1355 2712 quo
1391 2649 1612 2695 dominus
1652 2649 2007 2696 Bartholomeus

403 2717 460 2763 de
488 2717 800 2780 Burghersshe
825 2716 995 2763 Custos
1019 2716 1252 2762 dictorum
1275 2726 1497 2779 portuum
1525 2715 1688 2772 fuerat,
1723 2733 1860 2780 quam
1889 2727 2006 2762 tem-

403 2783 595 2847 poribus
631 2784 827 2830 aliorum
869 2783 1150 2839 Custodum,
1190 2783 1308 2829 sicut
1345 2794 1390 2830 et
1432 2794 1595 2847 portus
1619 2784 1677 2831 de
1703 2782 2002 2830 ffaveresham
