2192 3342
391 229 448 275 68
869 224 1100 272 DOVER
1139 221 1504 270 CHARTERS

378 373 570 410 retorno
595 360 822 425 predicto,
848 369 1045 422 excepto
1073 357 1259 422 Majore
1284 366 1330 403 6(
1361 355 1541 402 Ballivo
1576 354 1634 402 de
1674 352 1996 407 ffaveresharn,

387 441 497 477 sunt
521 430 568 476 in
594 427 928 483 misericordia,
961 436 1049 472 etc.

496 559 773 622 Preceptum
800 555 890 602 fuit
913 567 958 601 et
976 553 1247 600 mandatum
1271 551 1443 616 Majori
1463 562 1509 597 et
1531 549 1709 596 Ballivo
1727 549 1786 596 de
1806 548 2002 595 ffavere-

390 628 519 674 sham
545 626 662 672 sicut
687 625 809 679 aliaS,
835 634 938 679 etc.,
965 621 1093 685 quod
1121 619 1341 666 haberent
1368 619 1440 664 hic
1465 634 1619 664 coram
1645 617 1773 663 dicto
1797 615 2004 662 Custode

393 694 641 741 recordum
694 702 740 738 et
789 704 1055 753 processum
1097 686 1336 752 cujusdam
1378 685 1512 732 assise
1554 685 1599 730 in
1643 683 1751 730 villa
1797 682 2005 746 predicta

396 778 550 808 coram
587 760 669 806 eiis
707 759 828 804 inter
868 755 1135 802 Henricum
1175 752 1419 818 Wymond
1452 764 1497 798 et
1522 750 1817 798 Willelmum
1843 749 2007 813 Tyde-

395 827 525 875 lomb
555 843 701 889 nuper
737 835 883 888 capte.
955 821 1100 869 Unde
1135 821 1355 868 dominus
1390 820 1564 867 Custos
1599 818 1736 864 certis
1771 818 1828 864 de
1862 816 2007 863 causis

396 895 498 941 vult
536 892 770 941 certiorari
809 902 855 937 et
892 888 1149 937 informari.
1223 887 1318 950 Qui
1357 887 1420 933 sic
1461 896 1776 942 retornarunt,
1815 900 1912 948 quo
1948 883 2006 930 ad

400 962 556 1008 venire
594 959 731 1006 facias
769 974 926 1004 coram
965 956 1098 1003 nobis
1127 955 1374 1002 recordum
1401 966 1446 1000 et
1472 969 1739 1018 processum
1766 951 2007 1016 cujusdam

397 1029 532 1075 assise
557 1026 750 1074 inferius
786 1035 1020 1081 contente,
1048 1023 1209 1087 Major
1245 1033 1357 1069 tunc
1394 1021 1618 1084 temporis
1653 1036 1750 1084 quo
1774 1019 1852 1065 illa
1875 1018 2009 1064 assisa

399 1106 531 1159 capta
568 1093 674 1151 fuit,
716 1103 932 1139 mortuus
968 1102 1053 1148 est,
1093 1089 1308 1137 videlicet
1340 1088 1497 1135 Adam
1522 1089 1579 1134 (16
1605 1087 1767 1144 Βι·6(16,
1793 1096 1839 1132 6(
1864 1085 2008 1132 rotuli

401 1165 457 1211 de
498 1162 635 1210 dictis
677 1176 894 1224 processu
935 1169 980 1205 et
1023 1157 1219 1204 recordo
1259 1166 1501 1204 remanent
1554 1171 1693 1218 penes
1743 1164 2012 1200 executores

400 1230 544 1294 ipsius
581 1228 688 1275 Ade
725 1227 806 1292 qui
846 1243 939 1272 non
978 1235 1086 1271 sunt
1123 1224 1180 1270 de
1222 1223 1434 1270 libertate
1474 1221 1580 1268 ville
1622 1220 1816 1268 inferius
1859 1219 2013 1266 nomi-

404 1308 519 1345 nate.
593 1295 658 1342 Et
697 1295 802 1341 ideo
840 1293 996 1358 quoad
1035 1307 1221 1354 presens
1259 1309 1354 1338 non
1393 1290 1602 1337 valemus
1641 1289 1698 1335 de
1742 1286 2012 1352 hujusmodi

402 1363 599 1411 recordo
623 1373 669 1409 et
694 1377 910 1426 processu
936 1359 1068 1406 vobis
1092 1358 1355 1406 certificare.
1428 1357 1492 1404 Et
1526 1355 1634 1420 quia
1657 1355 1848 1402 videtur
1872 1354 2013 1401 Curie

405 1431 535 1497 quod
573 1430 730 1476 omnia
754 1428 948 1475 recorda
975 1438 1021 1473 et
1051 1442 1290 1489 processus
1315 1425 1527 1471 omniurn
1554 1422 1833 1487 placitorum
1858 1432 2016 1468 tento—

405 1515 510 1545 rum
547 1495 670 1544 infra
707 1495 970 1542 libertatem
1009 1504 1174 1557 portus
1212 1492 1280 1539 sui
1312 1491 1510 1556 predicti
1536 1506 1769 1536 remanere
1794 1488 2014 1536 deberent

823 1562 871 1608 in
910 1560 1120 1608 custodia
1160 1559 1358 1624 Majoris
1395 1559 1476 1623 qui
1516 1574 1600 1621 pro
1637 1568 1848 1620 tempore
1873 1555 2016 1603 fuerit

413 1631 750 1679 Misericordia.
824 1628 956 1693 cujus
1003 1627 1287 1674 contrarium
1337 1642 1421 1690 pro
1467 1641 1630 1671 eorum
1678 1634 1870 1670 retorno
1910 1640 2016 1686 sup-

825 1695 1031 1760 ponitur.
1105 1694 1217 1741 Ideo
1253 1694 1337 1757 ipsi
1382 1692 1542 1758 Major
1582 1702 1628 1738 6(
1670 1690 1875 1738 Ballivus
1909 1691 2020 1755 quia

411 1765 682 1813 mandatum
721 1780 859 1810 suum
898 1779 991 1808 non
1027 1772 1137 1808 sunt
1161 1760 1341 1807 executi
1366 1760 1414 1807 in
1441 1759 1770 1815 misericordia,
1796 1769 1880 1805 etc.
1953 1757 2018 1804 Et

411 1843 686 1898 preceptum
710 1829 968 1878 est—sicut
993 1828 1167 1893 pluries
1191 1839 1353 1875 contra
1376 1826 1635 1892 proximam
1668 1825 1974 1889 Shipweyam.

513 1962 767 2028 Inquisicio
798 1972 944 2024 capta,
983 1970 1086 2018 etc.,
1119 1976 1199 2023 per
1235 1959 1499 2020 Johannem
1540 1957 1707 2014 Reade,
1751 1957 2023 2020 Philippum

414 2030 589 2077 Alarde
605 2031 662 2076 (16
680 2029 951 2092 HastingeS‚
969 2027 1230 2073 Robertum
1243 2024 1842 2089 Loundeneys‚Johannem
1862 2024 2020 2088 Diges,

413 2099 715 2161 Sampsonem
753 2096 948 2158 Sneppe,
991 2093 1252 2140 Robertum
1288 2094 1344 2140 de
1375 2093 1615 2155 Wykham
1643 2092 1699 2138 de
1726 2091 2024 2154 Wynchelse‚

412 2178 457 2212 et
479 2166 543 2211 sic
568 2164 624 2211 de
644 2163 741 2210 aliis
761 2162 1006 2226 portubuS‚
1027 2173 1133 2218 etc.,
1155 2177 1294 2224 super
1313 2160 1509 2207 diversis
1529 2159 1746 2214 articulis,
1768 2170 1855 2204 etc.
1927 2158 2023 2220 Qui

416 2233 579 2280 dicunt
603 2247 740 2294 super
764 2240 1105 2276 sacramentum
1131 2245 1268 2274 suum
1301 2227 1429 2291 quod
1456 2237 1686 2290 quantum
1713 2225 1770 2272 ad
1797 2225 1821 2249 ³¹*
1840 2225 2026 2271 thesau-

417 2316 521 2346 rum
547 2299 794 2344 inventum
822 2296 1002 2342 nullum
1028 2296 1179 2342 sciunt
1203 2311 1214 2351 ;
1252 2305 1479 2358 quantum
1506 2294 1562 2340 ad
1597 2292 1763 2339 falsum
1798 2292 2026 2339 indictum

419 2366 602 2413 nullum
627 2376 729 2421 est;
766 2374 999 2427 quantum
1033 2364 1088 2409 ad
1115 2362 1435 2425 prodicionem
1474 2359 1641 2407 factam
1679 2370 1838 2406 contra
1875 2359 2028 2406 domi-

421 2450 535 2480 num
561 2448 718 2496 regem
746 2431 926 2477 nullum
952 2430 1102 2476 sciunt
1126 2445 1137 2485 ;
1175 2440 1402 2492 quantum
1438 2427 1493 2473 ad
1534 2426 1693 2473 falsam
1721 2438 1955 2473 monetam
1982 2438 2027 2473 et

800 2496 1035 2544 falsatores
1071 2496 1278 2561 ejusdem
1316 2494 1455 2540 nichil
1491 2494 1677 2549 sciunt;
1715 2505 1946 2557 quantum
1972 2494 2028 2541 ad

420 2569 651 2630 Inquisicio
679 2582 729 2611 ex
797 2564 1047 2610 servicium
1073 2563 1253 2610 domini
1285 2562 1422 2625 Regis
1447 2561 1737 2608 subtractum
1762 2560 1942 2607 nullum
1962 2572 2029 2606 est

419 2634 566 2696 qfficio.
797 2631 1086 2678 subtractum
1110 2646 1121 2686 ;
1172 2630 1234 2676 Et
1275 2641 1502 2693 quantum
1545 2628 1599 2674 ad
1650 2628 1763 2674 alios
1810 2627 2031 2674 articulos

800 2699 963 2745 dicunt
1002 2697 1130 2762 quod
1171 2714 1263 2743 non
1306 2707 1528 2742 tenentur
1555 2712 1634 2741 nec
1660 2695 1809 2741 solent
1844 2696 1900 2742 ad
1928 2694 2032 2740 illos

419 2767 698 2831 respondere
722 2766 777 2812 ad
806 2765 996 2812 Curiam
1032 2766 1179 2810 istam.

991 2840 1013 2861 ⁴¹*
1032 2841 1074 2876 lu
1099 2841 1162 2877 the
1189 2839 1316 2883 MSS„
1340 2837 1468 2875 tllres’.
