<?xml version="1.0" encoding="UTF-8"?>
<!DOCTYPE html PUBLIC "-//W3C//DTD XHTML 1.0 Transitional//EN"
    "http://www.w3.org/TR/xhtml1/DTD/xhtml1-transitional.dtd">
<html xmlns="http://www.w3.org/1999/xhtml" xml:lang="en" lang="en">
 <head>
  <title>
</title>
<meta http-equiv="Content-Type" content="text/html;charset=utf-8" />
  <meta name='ocr-system' content='tesseract 3.04.00' />
  <meta name='ocr-capabilities' content='ocr_page ocr_carea ocr_par ocr_line ocrx_word'/>
</head>
<body>
  <div class='ocr_page' id='page_1' title='image "./doverchartersoth00doverich/doverchartersoth00doverich_0366.png"; bbox 0 0 2181 3155; ppageno 0'>
   <div class='ocr_carea' id='block_1_1' title="bbox 323 164 1456 264">
    <p class='ocr_par' dir='ltr' id='par_1_1' title="bbox 323 164 1456 264">
     <span class='ocr_line' id='line_1_1' title="bbox 323 164 1456 264; baseline -0.012 0"><span class='ocrx_word' id='word_1_1' title='bbox 323 217 418 264; x_wconf 86' lang='lat'>334</span> <span class='ocrx_word' id='word_1_2' title='bbox 709 164 713 167; x_wconf 28' lang='lat'>⁶</span> <span class='ocrx_word' id='word_1_3' title='bbox 807 203 1046 250; x_wconf 82' lang='lat' dir='ltr'><strong>DOVER</strong></span> <span class='ocrx_word' id='word_1_4' title='bbox 1086 202 1456 251; x_wconf 75' lang='lat' dir='ltr'>CHARTERS</span> 
     </span>
    </p>
   </div>
   <div class='ocr_carea' id='block_1_2' title="bbox 758 401 1494 567">
    <p class='ocr_par' dir='ltr' id='par_1_2' title="bbox 758 401 1494 567">
     <span class='ocr_line' id='line_1_2' title="bbox 960 401 1294 452; baseline 0.003 -1"><span class='ocrx_word' id='word_1_5' title='bbox 960 402 1017 451; x_wconf 92' lang='lat' dir='ltr'>X</span> <span class='ocrx_word' id='word_1_6' title='bbox 1035 401 1080 452; x_wconf 89' lang='lat' dir='ltr'>C</span> <span class='ocrx_word' id='word_1_7' title='bbox 1096 401 1149 452; x_wconf 93' lang='lat' dir='ltr'>V</span> <span class='ocrx_word' id='word_1_8' title='bbox 1167 402 1189 451; x_wconf 92' lang='lat'>1</span> <span class='ocrx_word' id='word_1_9' title='bbox 1211 402 1234 452; x_wconf 94' lang='lat'>1</span> <span class='ocrx_word' id='word_1_10' title='bbox 1255 402 1294 452; x_wconf 94' lang='lat'>1.</span> 
     </span>
     <span class='ocr_line' id='line_1_3' title="bbox 758 515 1494 567; baseline -0.001 -8"><span class='ocrx_word' id='word_1_11' title='bbox 758 530 827 559; x_wconf 84' lang='lat' dir='ltr'>xx</span> <span class='ocrx_word' id='word_1_12' title='bbox 859 516 1094 567; x_wconf 79' lang='lat' dir='ltr'>Octobris,</span> <span class='ocrx_word' id='word_1_13' title='bbox 1127 516 1178 559; x_wconf 88' lang='lat'>16</span> <span class='ocrx_word' id='word_1_14' title='bbox 1208 516 1330 558; x_wconf 87' lang='lat' dir='ltr'>Hen.</span> <span class='ocrx_word' id='word_1_15' title='bbox 1360 515 1494 560; x_wconf 89' lang='lat' dir='ltr'><strong>VIII.</strong></span> 
     </span>
    </p>
   </div>
   <div class='ocr_carea' id='block_1_3' title="bbox 305 622 1932 2770">
    <p class='ocr_par' dir='ltr' id='par_1_3' title="bbox 305 622 1932 2770">
     <span class='ocr_line' id='line_1_4' title="bbox 319 622 1932 689; baseline 0.001 -19"><span class='ocrx_word' id='word_1_16' title='bbox 319 622 436 670; x_wconf 78' lang='lat' dir='ltr'>HEC</span> <span class='ocrx_word' id='word_1_17' title='bbox 462 624 726 679; x_wconf 88' lang='lat' dir='ltr'>indentura,</span> <span class='ocrx_word' id='word_1_18' title='bbox 751 623 869 670; x_wconf 89' lang='lat' dir='ltr'>facta</span> <span class='ocrx_word' id='word_1_19' title='bbox 895 623 1118 669; x_wconf 89' lang='lat' dir='ltr'>vicesimo</span> <span class='ocrx_word' id='word_1_20' title='bbox 1141 623 1217 668; x_wconf 90' lang='lat' dir='ltr'>die</span> <span class='ocrx_word' id='word_1_21' title='bbox 1243 623 1468 669; x_wconf 88' lang='lat' dir='ltr'>Octobris</span> <span class='ocrx_word' id='word_1_22' title='bbox 1486 640 1609 669; x_wconf 88' lang='lat' dir='ltr'>anno</span> <span class='ocrx_word' id='word_1_23' title='bbox 1634 625 1766 688; x_wconf 88' lang='lat' dir='ltr'>regni</span> <span class='ocrx_word' id='word_1_24' title='bbox 1791 625 1932 689; x_wconf 87' lang='lat' dir='ltr'>Regis</span> 
     </span>
     <span class='ocr_line' id='line_1_5' title="bbox 318 689 1929 754; baseline 0.001 -17"><span class='ocrx_word' id='word_1_25' title='bbox 318 691 515 738; x_wconf 90' lang='lat' dir='ltr'>Henrici</span> <span class='ocrx_word' id='word_1_26' title='bbox 542 691 690 738; x_wconf 91' lang='lat' dir='ltr'>octavi</span> <span class='ocrx_word' id='word_1_27' title='bbox 718 701 851 737; x_wconf 85' lang='lat' dir='ltr'>sexto</span> <span class='ocrx_word' id='word_1_28' title='bbox 876 690 1060 737; x_wconf 92' lang='lat' dir='ltr'>decimo</span> <span class='ocrx_word' id='word_1_29' title='bbox 1086 701 1300 746; x_wconf 88' lang='lat' dir='ltr'>testatur,</span> <span class='ocrx_word' id='word_1_30' title='bbox 1327 689 1454 754; x_wconf 89' lang='lat' dir='ltr'>quod</span> <span class='ocrx_word' id='word_1_31' title='bbox 1479 690 1716 749; x_wconf 89' lang='lat' dir='ltr'>Johannes</span> <span class='ocrx_word' id='word_1_32' title='bbox 1757 691 1929 749; x_wconf 88' lang='lat' dir='ltr'>Broke,</span> 
     </span>
     <span class='ocr_line' id='line_1_6' title="bbox 317 757 1929 822; baseline 0.001 -18"><span class='ocrx_word' id='word_1_33' title='bbox 317 757 477 822; x_wconf 91' lang='lat' dir='ltr'>Major</span> <span class='ocrx_word' id='word_1_34' title='bbox 515 758 623 804; x_wconf 94' lang='lat' dir='ltr'>ville</span> <span class='ocrx_word' id='word_1_35' title='bbox 681 775 730 804; x_wconf 92' lang='lat' dir='ltr'>ac</span> <span class='ocrx_word' id='word_1_36' title='bbox 780 758 950 805; x_wconf 91' lang='lat' dir='ltr'>Portus</span> <span class='ocrx_word' id='word_1_37' title='bbox 999 759 1232 814; x_wconf 88' lang='lat' dir='ltr'>Dovorre,</span> <span class='ocrx_word' id='word_1_38' title='bbox 1272 773 1322 803; x_wconf 92' lang='lat' dir='ltr'>ac</span> <span class='ocrx_word' id='word_1_39' title='bbox 1383 757 1610 804; x_wconf 89' lang='lat' dir='ltr'>Ricardus</span> <span class='ocrx_word' id='word_1_40' title='bbox 1660 758 1929 816; x_wconf 89' lang='lat' dir='ltr'>Marshalle,</span> 
     </span>
     <span class='ocr_line' id='line_1_7' title="bbox 317 824 1929 888; baseline 0.001 -17"><span class='ocrx_word' id='word_1_41' title='bbox 317 825 596 888; x_wconf 90' lang='lat' dir='ltr'>Radulphus</span> <span class='ocrx_word' id='word_1_42' title='bbox 633 824 866 888; x_wconf 82' lang='lat' dir='ltr'>Buffkyn,</span> <span class='ocrx_word' id='word_1_43' title='bbox 893 824 1103 871; x_wconf 88' lang='lat' dir='ltr'>Thomas</span> <span class='ocrx_word' id='word_1_44' title='bbox 1141 824 1433 881; x_wconf 88' lang='lat' dir='ltr'>Middleton‚</span> <span class='ocrx_word' id='word_1_45' title='bbox 1460 825 1721 872; x_wconf 87' lang='lat' dir='ltr'>Kenelmus</span> <span class='ocrx_word' id='word_1_46' title='bbox 1749 825 1929 888; x_wconf 91' lang='lat' dir='ltr'>Colley,</span> 
     </span>
     <span class='ocr_line' id='line_1_8' title="bbox 314 891 1932 957; baseline 0.001 -18"><span class='ocrx_word' id='word_1_47' title='bbox 314 892 545 939; x_wconf 84' lang='lat' dir='ltr'>Custodes</span> <span class='ocrx_word' id='word_1_48' title='bbox 581 892 790 957; x_wconf 90' lang='lat' dir='ltr'>ejusdem</span> <span class='ocrx_word' id='word_1_49' title='bbox 835 891 958 949; x_wconf 90' lang='lat' dir='ltr'>ville,</span> <span class='ocrx_word' id='word_1_50' title='bbox 994 909 1075 954; x_wconf 90' lang='lat' dir='ltr'>per</span> <span class='ocrx_word' id='word_1_51' title='bbox 1111 907 1345 938; x_wconf 87' lang='lat' dir='ltr'>assensum</span> <span class='ocrx_word' id='word_1_52' title='bbox 1383 902 1428 938; x_wconf 94' lang='lat' dir='ltr'>et</span> <span class='ocrx_word' id='word_1_53' title='bbox 1463 908 1743 938; x_wconf 89' lang='lat' dir='ltr'>concensum</span> <span class='ocrx_word' id='word_1_54' title='bbox 1782 893 1932 940; x_wconf 88' lang='lat' dir='ltr'>tocius</span> 
     </span>
     <span class='ocr_line' id='line_1_9' title="bbox 314 958 1930 1022; baseline 0.001 -16"><span class='ocrx_word' id='word_1_55' title='bbox 314 959 683 1006; x_wconf 89' lang='lat' dir='ltr'>Communitatis</span> <span class='ocrx_word' id='word_1_56' title='bbox 742 958 851 1005; x_wconf 92' lang='lat' dir='ltr'>ville</span> <span class='ocrx_word' id='word_1_57' title='bbox 910 959 1118 1022; x_wconf 88' lang='lat' dir='ltr'>predicte</span> <span class='ocrx_word' id='word_1_58' title='bbox 1176 969 1503 1005; x_wconf 87' lang='lat' dir='ltr'>concesserunt</span> <span class='ocrx_word' id='word_1_59' title='bbox 1563 959 1844 1007; x_wconf 90' lang='lat' dir='ltr'>dimiserunt</span> <span class='ocrx_word' id='word_1_60' title='bbox 1883 971 1930 1007; x_wconf 90' lang='lat' dir='ltr'>et</span> 
     </span>
     <span class='ocr_line' id='line_1_10' title="bbox 313 1025 1927 1090; baseline 0.001 -18"><span class='ocrx_word' id='word_1_61' title='bbox 313 1026 611 1074; x_wconf 90' lang='lat' dir='ltr'>tradiderunt</span> <span class='ocrx_word' id='word_1_62' title='bbox 659 1025 906 1073; x_wconf 90' lang='lat' dir='ltr'>Willelmo</span> <span class='ocrx_word' id='word_1_63' title='bbox 952 1026 1226 1090; x_wconf 89' lang='lat' dir='ltr'>Grawnger,</span> <span class='ocrx_word' id='word_1_64' title='bbox 1286 1043 1433 1072; x_wconf 90' lang='lat' dir='ltr'>unum</span> <span class='ocrx_word' id='word_1_65' title='bbox 1483 1026 1773 1090; x_wconf 85' lang='lat' dir='ltr'>mesuagium</span> <span class='ocrx_word' id='word_1_66' title='bbox 1821 1044 1927 1074; x_wconf 91' lang='lat' dir='ltr'>cum</span> 
     </span>
     <span class='ocr_line' id='line_1_11' title="bbox 312 1092 1929 1157; baseline 0.001 -17"><span class='ocrx_word' id='word_1_67' title='bbox 312 1093 610 1157; x_wconf 88' lang='lat' dir='ltr'>pertinenciis</span> <span class='ocrx_word' id='word_1_68' title='bbox 633 1094 859 1141; x_wconf 90' lang='lat' dir='ltr'>situatum</span> <span class='ocrx_word' id='word_1_69' title='bbox 895 1104 942 1140; x_wconf 93' lang='lat' dir='ltr'>et</span> <span class='ocrx_word' id='word_1_70' title='bbox 966 1093 1241 1140; x_wconf 87' lang='lat' dir='ltr'>existentem</span> <span class='ocrx_word' id='word_1_71' title='bbox 1268 1092 1388 1139; x_wconf 89' lang='lat' dir='ltr'>infra</span> <span class='ocrx_word' id='word_1_72' title='bbox 1423 1092 1685 1140; x_wconf 88' lang='lat' dir='ltr'>libertatem</span> <span class='ocrx_word' id='word_1_73' title='bbox 1713 1095 1929 1141; x_wconf 91' lang='lat' dir='ltr'>Dovorre</span> 
     </span>
     <span class='ocr_line' id='line_1_12' title="bbox 315 1160 1928 1225; baseline 0 -17"><span class='ocrx_word' id='word_1_74' title='bbox 315 1161 520 1224; x_wconf 90' lang='lat' dir='ltr'>predicte</span> <span class='ocrx_word' id='word_1_75' title='bbox 546 1162 591 1207; x_wconf 91' lang='lat' dir='ltr'>in</span> <span class='ocrx_word' id='word_1_76' title='bbox 624 1161 1060 1217; x_wconf 89' lang='lat' dir='ltr'>Bouremanwarde,</span> <span class='ocrx_word' id='word_1_77' title='bbox 1087 1160 1318 1217; x_wconf 89' lang='lat' dir='ltr'>videlicet,</span> <span class='ocrx_word' id='word_1_78' title='bbox 1339 1161 1570 1223; x_wconf 89' lang='lat' dir='ltr'>capitand’</span> <span class='ocrx_word' id='word_1_79' title='bbox 1595 1178 1652 1207; x_wconf 88' lang='lat' dir='ltr'>ex</span> <span class='ocrx_word' id='word_1_80' title='bbox 1685 1178 1774 1207; x_wconf 91' lang='lat' dir='ltr'>una</span> <span class='ocrx_word' id='word_1_81' title='bbox 1799 1173 1928 1225; x_wconf 91' lang='lat' dir='ltr'>parte</span> 
     </span>
     <span class='ocr_line' id='line_1_13' title="bbox 313 1228 1927 1293; baseline 0 -18"><span class='ocrx_word' id='word_1_82' title='bbox 313 1229 369 1275; x_wconf 91' lang='lat' dir='ltr'>ad</span> <span class='ocrx_word' id='word_1_83' title='bbox 394 1228 569 1293; x_wconf 86' lang='lat' dir='ltr'>regiam</span> <span class='ocrx_word' id='word_1_84' title='bbox 595 1228 718 1275; x_wconf 91' lang='lat' dir='ltr'>viam</span> <span class='ocrx_word' id='word_1_85' title='bbox 738 1229 989 1275; x_wconf 89' lang='lat' dir='ltr'>ducentem</span> <span class='ocrx_word' id='word_1_86' title='bbox 1009 1245 1149 1291; x_wconf 90' lang='lat' dir='ltr'>supra</span> <span class='ocrx_word' id='word_1_87' title='bbox 1173 1245 1363 1274; x_wconf 90' lang='lat' dir='ltr'>murum</span> <span class='ocrx_word' id='word_1_88' title='bbox 1390 1228 1513 1287; x_wconf 92' lang='lat' dir='ltr'>ville,</span> <span class='ocrx_word' id='word_1_89' title='bbox 1536 1239 1755 1275; x_wconf 89' lang='lat' dir='ltr'>vocatum</span> <span class='ocrx_word' id='word_1_90' title='bbox 1781 1228 1927 1276; x_wconf 89' lang='lat' dir='ltr'>above</span> 
     </span>
     <span class='ocr_line' id='line_1_14' title="bbox 313 1295 1928 1353; baseline 0.001 -11"><span class='ocrx_word' id='word_1_91' title='bbox 313 1295 442 1343; x_wconf 91' lang='lat' dir='ltr'>walle</span> <span class='ocrx_word' id='word_1_92' title='bbox 485 1313 643 1343; x_wconf 91' lang='lat' dir='ltr'>versus</span> <span class='ocrx_word' id='word_1_93' title='bbox 694 1297 946 1353; x_wconf 88' lang='lat' dir='ltr'>southeast,</span> <span class='ocrx_word' id='word_1_94' title='bbox 995 1296 1216 1342; x_wconf 89' lang='lat' dir='ltr'>laterand’</span> <span class='ocrx_word' id='word_1_95' title='bbox 1265 1296 1319 1342; x_wconf 93' lang='lat' dir='ltr'>ad</span> <span class='ocrx_word' id='word_1_96' title='bbox 1370 1312 1560 1342; x_wconf 90' lang='lat' dir='ltr'>murum</span> <span class='ocrx_word' id='word_1_97' title='bbox 1610 1295 1720 1342; x_wconf 93' lang='lat' dir='ltr'>ville</span> <span class='ocrx_word' id='word_1_98' title='bbox 1768 1313 1928 1343; x_wconf 89' lang='lat' dir='ltr'>versus</span> 
     </span>
     <span class='ocr_line' id='line_1_15' title="bbox 313 1362 1923 1427; baseline 0 -17"><span class='ocrx_word' id='word_1_99' title='bbox 313 1363 586 1420; x_wconf 87' lang='lat' dir='ltr'>southwest‚</span> <span class='ocrx_word' id='word_1_100' title='bbox 613 1363 844 1427; x_wconf 90' lang='lat' dir='ltr'>capitand‘</span> <span class='ocrx_word' id='word_1_101' title='bbox 870 1380 925 1409; x_wconf 88' lang='lat' dir='ltr'>ex</span> <span class='ocrx_word' id='word_1_102' title='bbox 954 1362 1040 1409; x_wconf 89' lang='lat' dir='ltr'>alia</span> <span class='ocrx_word' id='word_1_103' title='bbox 1064 1374 1194 1425; x_wconf 91' lang='lat' dir='ltr'>parte</span> <span class='ocrx_word' id='word_1_104' title='bbox 1219 1362 1275 1408; x_wconf 92' lang='lat' dir='ltr'>ad</span> <span class='ocrx_word' id='word_1_105' title='bbox 1313 1373 1485 1409; x_wconf 90' lang='lat' dir='ltr'>terram</span> <span class='ocrx_word' id='word_1_106' title='bbox 1515 1362 1703 1409; x_wconf 91' lang='lat' dir='ltr'>Thome</span> <span class='ocrx_word' id='word_1_107' title='bbox 1729 1362 1923 1427; x_wconf 81' lang='lat' dir='ltr'>LybeaS,</span> 
     </span>
     <span class='ocr_line' id='line_1_16' title="bbox 305 1429 1924 1496; baseline 0 -19"><span class='ocrx_word' id='word_1_108' title='bbox 305 1430 412 1496; x_wconf 89' lang='lat' dir='ltr'>jure</span> <span class='ocrx_word' id='word_1_109' title='bbox 437 1431 592 1477; x_wconf 89' lang='lat' dir='ltr'>uxoris</span> <span class='ocrx_word' id='word_1_110' title='bbox 616 1448 710 1487; x_wconf 88' lang='lat' dir='ltr'>sue,</span> <span class='ocrx_word' id='word_1_111' title='bbox 737 1448 898 1477; x_wconf 87' lang='lat' dir='ltr'>versus</span> <span class='ocrx_word' id='word_1_112' title='bbox 924 1431 1193 1487; x_wconf 87' lang='lat' dir='ltr'>northwest,</span> <span class='ocrx_word' id='word_1_113' title='bbox 1219 1440 1264 1476; x_wconf 90' lang='lat' dir='ltr'>et</span> <span class='ocrx_word' id='word_1_114' title='bbox 1284 1429 1505 1476; x_wconf 88' lang='lat' dir='ltr'>laterand&#39;</span> <span class='ocrx_word' id='word_1_115' title='bbox 1523 1429 1661 1494; x_wconf 87' lang='lat' dir='ltr'>juxta</span> <span class='ocrx_word' id='word_1_116' title='bbox 1681 1430 1924 1488; x_wconf 87' lang='lat' dir='ltr'>venellam,</span> 
     </span>
     <span class='ocr_line' id='line_1_17' title="bbox 313 1496 1924 1554; baseline 0 -10"><span class='ocrx_word' id='word_1_117' title='bbox 313 1510 524 1545; x_wconf 90' lang='lat' dir='ltr'>vocatam</span> <span class='ocrx_word' id='word_1_118' title='bbox 584 1499 855 1545; x_wconf 89' lang='lat' dir='ltr'>Bowreman</span> <span class='ocrx_word' id='word_1_119' title='bbox 914 1498 1029 1554; x_wconf 89' lang='lat' dir='ltr'>lane,</span> <span class='ocrx_word' id='word_1_120' title='bbox 1079 1514 1239 1543; x_wconf 90' lang='lat' dir='ltr'>versus</span> <span class='ocrx_word' id='word_1_121' title='bbox 1299 1497 1566 1544; x_wconf 89' lang='lat' dir='ltr'>northeast:</span> <span class='ocrx_word' id='word_1_122' title='bbox 1629 1496 1827 1545; x_wconf 86' lang='lat' dir='ltr'>habend’</span> <span class='ocrx_word' id='word_1_123' title='bbox 1879 1509 1924 1544; x_wconf 91' lang='lat' dir='ltr'>et</span> 
     </span>
     <span class='ocr_line' id='line_1_18' title="bbox 312 1564 1925 1629; baseline 0.001 -18"><span class='ocrx_word' id='word_1_124' title='bbox 312 1565 497 1612; x_wconf 90' lang='lat' dir='ltr'>tenend’</span> <span class='ocrx_word' id='word_1_125' title='bbox 525 1565 788 1629; x_wconf 89' lang='lat' dir='ltr'>predictum</span> <span class='ocrx_word' id='word_1_126' title='bbox 815 1564 1107 1629; x_wconf 87' lang='lat' dir='ltr'>mesuagium</span> <span class='ocrx_word' id='word_1_127' title='bbox 1134 1581 1240 1611; x_wconf 91' lang='lat' dir='ltr'>cum</span> <span class='ocrx_word' id='word_1_128' title='bbox 1266 1564 1484 1611; x_wconf 87' lang='lat' dir='ltr'>omnibus</span> <span class='ocrx_word' id='word_1_129' title='bbox 1507 1564 1602 1610; x_wconf 90' lang='lat' dir='ltr'>suis</span> <span class='ocrx_word' id='word_1_130' title='bbox 1627 1564 1925 1627; x_wconf 88' lang='lat' dir='ltr'>pertinenciis</span> 
     </span>
     <span class='ocr_line' id='line_1_19' title="bbox 313 1631 1925 1696; baseline 0.001 -18"><span class='ocrx_word' id='word_1_131' title='bbox 313 1631 495 1695; x_wconf 87' lang='lat' dir='ltr'>prefato</span> <span class='ocrx_word' id='word_1_132' title='bbox 543 1631 785 1679; x_wconf 89' lang='lat' dir='ltr'>Willelmo</span> <span class='ocrx_word' id='word_1_133' title='bbox 826 1633 1094 1696; x_wconf 85' lang='lat' dir='ltr'>Grawnger,</span> <span class='ocrx_word' id='word_1_134' title='bbox 1142 1631 1389 1678; x_wconf 86' lang='lat' dir='ltr'>heredibus</span> <span class='ocrx_word' id='word_1_135' title='bbox 1434 1642 1480 1678; x_wconf 92' lang='lat' dir='ltr'>et</span> <span class='ocrx_word' id='word_1_136' title='bbox 1521 1632 1775 1695; x_wconf 89' lang='lat' dir='ltr'>assignatis,</span> <span class='ocrx_word' id='word_1_137' title='bbox 1829 1632 1925 1679; x_wconf 90' lang='lat' dir='ltr'>suis</span> 
     </span>
     <span class='ocr_line' id='line_1_20' title="bbox 312 1697 1923 1764; baseline 0.001 -19"><span class='ocrx_word' id='word_1_138' title='bbox 312 1700 696 1764; x_wconf 84' lang='lat' dir='ltr'>imperpetuum:</span> <span class='ocrx_word' id='word_1_139' title='bbox 753 1699 977 1747; x_wconf 89' lang='lat' dir='ltr'>reddend’</span> <span class='ocrx_word' id='word_1_140' title='bbox 1015 1699 1122 1746; x_wconf 93' lang='lat' dir='ltr'>inde</span> <span class='ocrx_word' id='word_1_141' title='bbox 1159 1698 1400 1746; x_wconf 88' lang='lat' dir='ltr'>annuatim</span> <span class='ocrx_word' id='word_1_142' title='bbox 1437 1697 1628 1762; x_wconf 87' lang='lat' dir='ltr'>prefatis</span> <span class='ocrx_word' id='word_1_143' title='bbox 1666 1699 1840 1764; x_wconf 90' lang='lat' dir='ltr'>Majori</span> <span class='ocrx_word' id='word_1_144' title='bbox 1877 1710 1923 1746; x_wconf 91' lang='lat' dir='ltr'>et</span> 
     </span>
     <span class='ocr_line' id='line_1_21' title="bbox 310 1765 1922 1830; baseline 0 -17"><span class='ocrx_word' id='word_1_145' title='bbox 310 1767 665 1825; x_wconf 82' lang='lat' dir='ltr'>communitati,</span> <span class='ocrx_word' id='word_1_146' title='bbox 708 1778 754 1813; x_wconf 90' lang='lat' dir='ltr'>et</span> <span class='ocrx_word' id='word_1_147' title='bbox 790 1784 954 1814; x_wconf 90' lang='lat' dir='ltr'>eorum</span> <span class='ocrx_word' id='word_1_148' title='bbox 989 1765 1328 1813; x_wconf 88' lang='lat' dir='ltr'>successoribus</span> <span class='ocrx_word' id='word_1_149' title='bbox 1369 1766 1730 1830; x_wconf 78' lang='lat' dir='ltr'>imperpetuum,</span> <span class='ocrx_word' id='word_1_150' title='bbox 1774 1783 1922 1813; x_wconf 90' lang='lat' dir='ltr'>unum</span> 
     </span>
     <span class='ocr_line' id='line_1_22' title="bbox 309 1833 1919 1881; baseline -0.001 0"><span class='ocrx_word' id='word_1_151' title='bbox 309 1834 553 1881; x_wconf 89' lang='lat' dir='ltr'>annualem</span> <span class='ocrx_word' id='word_1_152' title='bbox 589 1833 828 1881; x_wconf 87' lang='lat' dir='ltr'>redditum</span> <span class='ocrx_word' id='word_1_153' title='bbox 870 1834 1074 1881; x_wconf 89' lang='lat' dir='ltr'>duorum</span> <span class='ocrx_word' id='word_1_154' title='bbox 1111 1833 1369 1880; x_wconf 90' lang='lat' dir='ltr'>solidorum</span> <span class='ocrx_word' id='word_1_155' title='bbox 1401 1844 1446 1880; x_wconf 93' lang='lat' dir='ltr'>et</span> <span class='ocrx_word' id='word_1_156' title='bbox 1480 1845 1588 1880; x_wconf 92' lang='lat' dir='ltr'>octo</span> <span class='ocrx_word' id='word_1_157' title='bbox 1622 1833 1919 1880; x_wconf 89' lang='lat' dir='ltr'>denariorum</span> 
     </span>
     <span class='ocr_line' id='line_1_23' title="bbox 310 1899 1921 1965; baseline 0 -18"><span class='ocrx_word' id='word_1_158' title='bbox 310 1902 356 1947; x_wconf 90' lang='lat' dir='ltr'>in</span> <span class='ocrx_word' id='word_1_159' title='bbox 397 1900 516 1948; x_wconf 89' lang='lat' dir='ltr'>festo</span> <span class='ocrx_word' id='word_1_160' title='bbox 557 1901 913 1965; x_wconf 88' lang='lat' dir='ltr'>Assumpcionis</span> <span class='ocrx_word' id='word_1_161' title='bbox 955 1901 1083 1948; x_wconf 91' lang='lat' dir='ltr'>beate</span> <span class='ocrx_word' id='word_1_162' title='bbox 1128 1900 1283 1946; x_wconf 87' lang='lat' dir='ltr'>Marie</span> <span class='ocrx_word' id='word_1_163' title='bbox 1326 1899 1565 1965; x_wconf 85' lang='lat' dir='ltr'>Virginis:</span> <span class='ocrx_word' id='word_1_164' title='bbox 1616 1918 1665 1947; x_wconf 93' lang='lat' dir='ltr'>ac</span> <span class='ocrx_word' id='word_1_165' title='bbox 1708 1900 1921 1948; x_wconf 83' lang='lat' dir='ltr'>ffaciend&#39;</span> 
     </span>
     <span class='ocr_line' id='line_1_24' title="bbox 309 1968 1919 2032; baseline 0 -18"><span class='ocrx_word' id='word_1_166' title='bbox 309 1969 416 2015; x_wconf 92' lang='lat' dir='ltr'>inde</span> <span class='ocrx_word' id='word_1_167' title='bbox 439 1968 687 2015; x_wconf 86' lang='lat' dir='ltr'>servicium</span> <span class='ocrx_word' id='word_1_168' title='bbox 712 1968 894 2016; x_wconf 88' lang='lat' dir='ltr'>domini</span> <span class='ocrx_word' id='word_1_169' title='bbox 921 1968 1064 2015; x_wconf 91' lang='lat' dir='ltr'>nostri</span> <span class='ocrx_word' id='word_1_170' title='bbox 1088 1968 1227 2032; x_wconf 83' lang='lat' dir='ltr'>Regis</span> <span class='ocrx_word' id='word_1_171' title='bbox 1250 1968 1509 2014; x_wconf 90' lang='lat' dir='ltr'>secundum</span> <span class='ocrx_word' id='word_1_172' title='bbox 1535 1968 1919 2015; x_wconf 89' lang='lat' dir='ltr'>consuetudinem</span> 
     </span>
     <span class='ocr_line' id='line_1_25' title="bbox 310 2035 1918 2100; baseline -0.001 -18"><span class='ocrx_word' id='word_1_173' title='bbox 310 2046 473 2099; x_wconf 90' lang='lat' dir='ltr'>portus</span> <span class='ocrx_word' id='word_1_174' title='bbox 531 2036 727 2099; x_wconf 88' lang='lat' dir='ltr'>predicti</span> <span class='ocrx_word' id='word_1_175' title='bbox 787 2053 895 2082; x_wconf 91' lang='lat' dir='ltr'>cum</span> <span class='ocrx_word' id='word_1_176' title='bbox 953 2036 1206 2082; x_wconf 90' lang='lat' dir='ltr'>acciderit:</span> <span class='ocrx_word' id='word_1_177' title='bbox 1268 2046 1314 2081; x_wconf 90' lang='lat' dir='ltr'>et</span> <span class='ocrx_word' id='word_1_178' title='bbox 1361 2035 1396 2081; x_wconf 85' lang='lat' dir='ltr'>si</span> <span class='ocrx_word' id='word_1_179' title='bbox 1446 2035 1688 2100; x_wconf 85' lang='lat' dir='ltr'>contingat</span> <span class='ocrx_word' id='word_1_180' title='bbox 1735 2035 1918 2081; x_wconf 91' lang='lat' dir='ltr'>dictum</span> 
     </span>
     <span class='ocr_line' id='line_1_26' title="bbox 308 2102 1918 2150; baseline -0.001 -1"><span class='ocrx_word' id='word_1_181' title='bbox 308 2103 551 2149; x_wconf 89' lang='lat' dir='ltr'>annualem</span> <span class='ocrx_word' id='word_1_182' title='bbox 594 2103 832 2150; x_wconf 90' lang='lat' dir='ltr'>redditum</span> <span class='ocrx_word' id='word_1_183' title='bbox 858 2103 1062 2150; x_wconf 88' lang='lat' dir='ltr'>duorum</span> <span class='ocrx_word' id='word_1_184' title='bbox 1099 2102 1358 2149; x_wconf 89' lang='lat' dir='ltr'>solidorum</span> <span class='ocrx_word' id='word_1_185' title='bbox 1397 2113 1443 2148; x_wconf 91' lang='lat' dir='ltr'>et</span> <span class='ocrx_word' id='word_1_186' title='bbox 1478 2113 1586 2148; x_wconf 91' lang='lat' dir='ltr'>octo</span> <span class='ocrx_word' id='word_1_187' title='bbox 1621 2102 1918 2149; x_wconf 86' lang='lat' dir='ltr'>denariorum</span> 
     </span>
     <span class='ocr_line' id='line_1_27' title="bbox 309 2169 1917 2234; baseline -0.001 -18"><span class='ocrx_word' id='word_1_188' title='bbox 309 2181 460 2217; x_wconf 91' lang='lat' dir='ltr'>aretro</span> <span class='ocrx_word' id='word_1_189' title='bbox 507 2169 606 2217; x_wconf 90' lang='lat' dir='ltr'>fore</span> <span class='ocrx_word' id='word_1_190' title='bbox 654 2187 747 2217; x_wconf 89' lang='lat' dir='ltr'>non</span> <span class='ocrx_word' id='word_1_191' title='bbox 784 2170 993 2217; x_wconf 91' lang='lat' dir='ltr'>solutum</span> <span class='ocrx_word' id='word_1_192' title='bbox 1032 2170 1078 2216; x_wconf 88' lang='lat' dir='ltr'>in</span> <span class='ocrx_word' id='word_1_193' title='bbox 1118 2181 1245 2233; x_wconf 87' lang='lat' dir='ltr'>parte</span> <span class='ocrx_word' id='word_1_194' title='bbox 1289 2169 1359 2215; x_wconf 91' lang='lat' dir='ltr'>vel</span> <span class='ocrx_word' id='word_1_195' title='bbox 1401 2170 1446 2215; x_wconf 90' lang='lat' dir='ltr'>in</span> <span class='ocrx_word' id='word_1_196' title='bbox 1487 2179 1591 2216; x_wconf 89' lang='lat' dir='ltr'>toto</span> <span class='ocrx_word' id='word_1_197' title='bbox 1627 2186 1708 2233; x_wconf 91' lang='lat' dir='ltr'>per</span> <span class='ocrx_word' id='word_1_198' title='bbox 1750 2169 1917 2234; x_wconf 86' lang='lat' dir='ltr'>viginti</span> 
     </span>
     <span class='ocr_line' id='line_1_28' title="bbox 311 2234 1920 2301; baseline -0.001 -17"><span class='ocrx_word' id='word_1_199' title='bbox 311 2255 457 2284; x_wconf 91' lang='lat' dir='ltr'>unum</span> <span class='ocrx_word' id='word_1_200' title='bbox 505 2237 603 2284; x_wconf 91' lang='lat' dir='ltr'>dies</span> <span class='ocrx_word' id='word_1_201' title='bbox 662 2238 899 2301; x_wconf 87' lang='lat' dir='ltr'>proximos</span> <span class='ocrx_word' id='word_1_202' title='bbox 944 2248 1189 2301; x_wconf 86' lang='lat' dir='ltr'>sequentes</span> <span class='ocrx_word' id='word_1_203' title='bbox 1237 2247 1340 2299; x_wconf 90' lang='lat' dir='ltr'>post</span> <span class='ocrx_word' id='word_1_204' title='bbox 1387 2236 1577 2300; x_wconf 87' lang='lat' dir='ltr'>aliquod</span> <span class='ocrx_word' id='word_1_205' title='bbox 1616 2234 1785 2283; x_wconf 89' lang='lat' dir='ltr'>festum</span> <span class='ocrx_word' id='word_1_206' title='bbox 1823 2253 1920 2300; x_wconf 90' lang='lat' dir='ltr'>quo</span> 
     </span>
     <span class='ocr_line' id='line_1_29' title="bbox 307 2303 1916 2369; baseline 0 -19"><span class='ocrx_word' id='word_1_207' title='bbox 307 2304 424 2352; x_wconf 89' lang='lat' dir='ltr'>solvi</span> <span class='ocrx_word' id='word_1_208' title='bbox 468 2304 648 2361; x_wconf 90' lang='lat' dir='ltr'>debeat,</span> <span class='ocrx_word' id='word_1_209' title='bbox 690 2304 763 2352; x_wconf 90' lang='lat' dir='ltr'>vel</span> <span class='ocrx_word' id='word_1_210' title='bbox 806 2305 933 2369; x_wconf 90' lang='lat' dir='ltr'>quod</span> <span class='ocrx_word' id='word_1_211' title='bbox 978 2304 1220 2367; x_wconf 84' lang='lat' dir='ltr'>contingat</span> <span class='ocrx_word' id='word_1_212' title='bbox 1260 2303 1439 2349; x_wconf 86' lang='lat' dir='ltr'>dictum</span> <span class='ocrx_word' id='word_1_213' title='bbox 1482 2304 1767 2367; x_wconf 88' lang='lat' dir='ltr'>mesuagium</span> <span class='ocrx_word' id='word_1_214' title='bbox 1810 2320 1916 2350; x_wconf 88' lang='lat' dir='ltr'>cum</span> 
     </span>
     <span class='ocr_line' id='line_1_30' title="bbox 308 2370 1918 2435; baseline -0.001 -17"><span class='ocrx_word' id='word_1_215' title='bbox 308 2371 602 2434; x_wconf 88' lang='lat' dir='ltr'>pertinenciis</span> <span class='ocrx_word' id='word_1_216' title='bbox 637 2372 920 2435; x_wconf 87' lang='lat' dir='ltr'>competenti</span> <span class='ocrx_word' id='word_1_217' title='bbox 947 2383 992 2418; x_wconf 91' lang='lat' dir='ltr'>et</span> <span class='ocrx_word' id='word_1_218' title='bbox 1027 2370 1272 2417; x_wconf 80' lang='lat' dir='ltr'>sufficienti</span> <span class='ocrx_word' id='word_1_219' title='bbox 1300 2370 1590 2433; x_wconf 83' lang='lat' dir='ltr'>reparacione</span> <span class='ocrx_word' id='word_1_220' title='bbox 1615 2371 1671 2417; x_wconf 91' lang='lat' dir='ltr'>de</span> <span class='ocrx_word' id='word_1_221' title='bbox 1708 2381 1918 2433; x_wconf 89' lang='lat' dir='ltr'>tempore</span> 
     </span>
     <span class='ocr_line' id='line_1_31' title="bbox 307 2437 1917 2503; baseline -0.001 -19"><span class='ocrx_word' id='word_1_222' title='bbox 307 2439 353 2485; x_wconf 90' lang='lat' dir='ltr'>in</span> <span class='ocrx_word' id='word_1_223' title='bbox 397 2451 581 2502; x_wconf 89' lang='lat' dir='ltr'>tempus</span> <span class='ocrx_word' id='word_1_224' title='bbox 618 2456 786 2495; x_wconf 90' lang='lat' dir='ltr'>carere,</span> <span class='ocrx_word' id='word_1_225' title='bbox 829 2439 956 2503; x_wconf 90' lang='lat' dir='ltr'>quod</span> <span class='ocrx_word' id='word_1_226' title='bbox 1001 2450 1110 2485; x_wconf 88' lang='lat' dir='ltr'>tunc</span> <span class='ocrx_word' id='word_1_227' title='bbox 1149 2438 1262 2484; x_wconf 87' lang='lat' dir='ltr'>bene</span> <span class='ocrx_word' id='word_1_228' title='bbox 1307 2437 1483 2483; x_wconf 87' lang='lat' dir='ltr'>licitum</span> <span class='ocrx_word' id='word_1_229' title='bbox 1528 2438 1614 2484; x_wconf 85' lang='lat' dir='ltr'>erit</span> <span class='ocrx_word' id='word_1_230' title='bbox 1660 2437 1833 2502; x_wconf 90' lang='lat' dir='ltr'>Majori</span> <span class='ocrx_word' id='word_1_231' title='bbox 1873 2448 1917 2483; x_wconf 90' lang='lat' dir='ltr'>et</span> 
     </span>
     <span class='ocr_line' id='line_1_32' title="bbox 309 2504 1916 2568; baseline -0.002 -15"><span class='ocrx_word' id='word_1_232' title='bbox 309 2506 653 2553; x_wconf 89' lang='lat' dir='ltr'>Communitati</span> <span class='ocrx_word' id='word_1_233' title='bbox 676 2506 783 2552; x_wconf 88' lang='lat' dir='ltr'>ville</span> <span class='ocrx_word' id='word_1_234' title='bbox 809 2506 1012 2568; x_wconf 90' lang='lat' dir='ltr'>predicte</span> <span class='ocrx_word' id='word_1_235' title='bbox 1032 2517 1077 2552; x_wconf 91' lang='lat' dir='ltr'>et</span> <span class='ocrx_word' id='word_1_236' title='bbox 1104 2505 1446 2551; x_wconf 80' lang='lat' dir='ltr'>successoribus</span> <span class='ocrx_word' id='word_1_237' title='bbox 1471 2505 1626 2551; x_wconf 86' lang='lat' dir='ltr'>suisin</span> <span class='ocrx_word' id='word_1_238' title='bbox 1653 2504 1916 2568; x_wconf 90' lang='lat' dir='ltr'>predictum</span> 
     </span>
     <span class='ocr_line' id='line_1_33' title="bbox 308 2571 1914 2638; baseline -0.002 -18"><span class='ocrx_word' id='word_1_239' title='bbox 308 2574 599 2638; x_wconf 81' lang='lat' dir='ltr'>mesuagium</span> <span class='ocrx_word' id='word_1_240' title='bbox 636 2591 742 2620; x_wconf 89' lang='lat' dir='ltr'>cum</span> <span class='ocrx_word' id='word_1_241' title='bbox 784 2573 1081 2637; x_wconf 82' lang='lat' dir='ltr'>pertinenciis</span> <span class='ocrx_word' id='word_1_242' title='bbox 1119 2573 1173 2618; x_wconf 85' lang='lat' dir='ltr'>ad</span> <span class='ocrx_word' id='word_1_243' title='bbox 1215 2572 1482 2623; x_wconf 80' lang='lat' dir='ltr'>reintrand’.</span> <span class='ocrx_word' id='word_1_244' title='bbox 1521 2583 1565 2617; x_wconf 91' lang='lat' dir='ltr'>et</span> <span class='ocrx_word' id='word_1_245' title='bbox 1609 2571 1725 2618; x_wconf 88' lang='lat' dir='ltr'>illud</span> <span class='ocrx_word' id='word_1_246' title='bbox 1771 2583 1823 2618; x_wconf 87' lang='lat' dir='ltr'>ut</span> <span class='ocrx_word' id='word_1_247' title='bbox 1870 2571 1914 2617; x_wconf 88' lang='lat' dir='ltr'>in</span> 
     </span>
     <span class='ocr_line' id='line_1_34' title="bbox 308 2637 1915 2703; baseline -0.001 -18"><span class='ocrx_word' id='word_1_248' title='bbox 308 2641 505 2702; x_wconf 85' lang='lat' dir='ltr'>pristino</span> <span class='ocrx_word' id='word_1_249' title='bbox 531 2652 652 2687; x_wconf 84' lang='lat' dir='ltr'>statu</span> <span class='ocrx_word' id='word_1_250' title='bbox 681 2658 766 2686; x_wconf 86' lang='lat' dir='ltr'>suo</span> <span class='ocrx_word' id='word_1_251' title='bbox 803 2640 1018 2685; x_wconf 77' lang='lat' dir='ltr'>rehabere</span> <span class='ocrx_word' id='word_1_252' title='bbox 1043 2641 1241 2703; x_wconf 84' lang='lat' dir='ltr'>gaudere</span> <span class='ocrx_word' id='word_1_253' title='bbox 1266 2651 1310 2686; x_wconf 85' lang='lat' dir='ltr'>et</span> <span class='ocrx_word' id='word_1_254' title='bbox 1338 2639 1572 2702; x_wconf 85' lang='lat' dir='ltr'>possidere</span> <span class='ocrx_word' id='word_1_255' title='bbox 1598 2639 1679 2685; x_wconf 90' lang='lat' dir='ltr'>hac</span> <span class='ocrx_word' id='word_1_256' title='bbox 1717 2637 1915 2701; x_wconf 83' lang='lat' dir='ltr'>presenti</span> 
     </span>
     <span class='ocr_line' id='line_1_35' title="bbox 306 2706 1588 2770; baseline -0.001 -16"><span class='ocrx_word' id='word_1_257' title='bbox 306 2708 602 2754; x_wconf 87' lang='lat' dir='ltr'>concessione</span> <span class='ocrx_word' id='word_1_258' title='bbox 627 2720 671 2754; x_wconf 90' lang='lat' dir='ltr'>et</span> <span class='ocrx_word' id='word_1_259' title='bbox 697 2707 965 2754; x_wconf 85' lang='lat' dir='ltr'>dimissione</span> <span class='ocrx_word' id='word_1_260' title='bbox 992 2707 1035 2753; x_wconf 89' lang='lat' dir='ltr'>in</span> <span class='ocrx_word' id='word_1_261' title='bbox 1057 2707 1215 2770; x_wconf 85' lang='lat' dir='ltr'>aliquo</span> <span class='ocrx_word' id='word_1_262' title='bbox 1243 2724 1333 2752; x_wconf 86' lang='lat' dir='ltr'>non</span> <span class='ocrx_word' id='word_1_263' title='bbox 1360 2706 1588 2753; x_wconf 78' lang='lat' dir='ltr'>obstante.</span> 
     </span>
    </p>
   </div>
   <div class='ocr_carea' id='block_1_4' title="bbox 2034 0 2148 1318">
    <p class='ocr_par' dir='ltr' id='par_1_4' title="bbox 2034 0 2148 1318">
     <span class='ocr_line' id='line_1_36' title="bbox 2034 0 2148 1318; baseline 0 0"><span class='ocrx_word' id='word_1_264' title='bbox 2034 0 2148 1318; x_wconf 95' lang='lat' dir='ltr'> </span> 
     </span>
    </p>
   </div>
  </div>
 </body>
</html>
