<?xml version="1.0" encoding="UTF-8"?>
<!DOCTYPE html PUBLIC "-//W3C//DTD XHTML 1.0 Transitional//EN"
    "http://www.w3.org/TR/xhtml1/DTD/xhtml1-transitional.dtd">
<html xmlns="http://www.w3.org/1999/xhtml" xml:lang="en" lang="en">
 <head>
  <title>
</title>
<meta http-equiv="Content-Type" content="text/html;charset=utf-8" />
  <meta name='ocr-system' content='tesseract 3.04.00' />
  <meta name='ocr-capabilities' content='ocr_page ocr_carea ocr_par ocr_line ocrx_word'/>
</head>
<body>
  <div class='ocr_page' id='page_1' title='image "./doverchartersoth00doverich/doverchartersoth00doverich_0296.png"; bbox 0 0 2181 3155; ppageno 0'>
   <div class='ocr_carea' id='block_1_1' title="bbox 351 195 1476 260">
    <p class='ocr_par' dir='ltr' id='par_1_1' title="bbox 351 195 1476 260">
     <span class='ocr_line' id='line_1_1' title="bbox 351 195 1476 260; baseline -0.003 -15"><span class='ocrx_word' id='word_1_1' title='bbox 351 201 444 260; x_wconf 78' lang='lat'>264</span> <span class='ocrx_word' id='word_1_2' title='bbox 829 196 1067 244; x_wconf 83' lang='lat' dir='ltr'>DoVER</span> <span class='ocrx_word' id='word_1_3' title='bbox 1105 195 1476 243; x_wconf 80' lang='lat' dir='ltr'>CHARTERs</span> 
     </span>
    </p>
   </div>
   <div class='ocr_carea' id='block_1_2' title="bbox 782 329 1521 499">
    <p class='ocr_par' dir='ltr' id='par_1_2' title="bbox 782 329 1521 499">
     <span class='ocr_line' id='line_1_2' title="bbox 953 329 1350 380; baseline 0 0"><span class='ocrx_word' id='word_1_4' title='bbox 953 330 999 380; x_wconf 92' lang='lat' dir='ltr'>L</span> <span class='ocrx_word' id='word_1_5' title='bbox 1016 330 1072 380; x_wconf 91' lang='lat' dir='ltr'><strong>X</strong></span> <span class='ocrx_word' id='word_1_6' title='bbox 1091 329 1148 379; x_wconf 90' lang='lat' dir='ltr'>X</span> <span class='ocrx_word' id='word_1_7' title='bbox 1166 329 1223 380; x_wconf 89' lang='lat' dir='ltr'><strong>X</strong></span> <span class='ocrx_word' id='word_1_8' title='bbox 1243 330 1265 380; x_wconf 94' lang='lat'>1</span> <span class='ocrx_word' id='word_1_9' title='bbox 1284 329 1350 380; x_wconf 88' lang='lat' dir='ltr'>V.</span> 
     </span>
     <span class='ocr_line' id='line_1_3' title="bbox 782 444 1521 499; baseline -0.007 -11"><span class='ocrx_word' id='word_1_10' title='bbox 782 447 914 499; x_wconf 84' lang='lat' dir='ltr'>xxiiij</span> <span class='ocrx_word' id='word_1_11' title='bbox 950 447 1154 499; x_wconf 83' lang='lat' dir='ltr'>August,</span> <span class='ocrx_word' id='word_1_12' title='bbox 1190 453 1240 498; x_wconf 91' lang='lat'>17</span> <span class='ocrx_word' id='word_1_13' title='bbox 1275 445 1406 488; x_wconf 73' lang='lat' dir='ltr'>Edw.</span> <span class='ocrx_word' id='word_1_14' title='bbox 1446 444 1521 486; x_wconf 79' lang='lat' dir='ltr'>tv.</span> 
     </span>
    </p>
   </div>
   <div class='ocr_carea' id='block_1_3' title="bbox 349 547 1969 2762">
    <p class='ocr_par' dir='ltr' id='par_1_3' title="bbox 349 547 1969 2762">
     <span class='ocr_line' id='line_1_4' title="bbox 351 547 1958 613; baseline -0.002 -15"><span class='ocrx_word' id='word_1_15' title='bbox 351 551 469 598; x_wconf 80' lang='lat' dir='ltr'>HEC</span> <span class='ocrx_word' id='word_1_16' title='bbox 497 551 743 598; x_wconf 89' lang='lat' dir='ltr'>indentura</span> <span class='ocrx_word' id='word_1_17' title='bbox 768 561 965 597; x_wconf 91' lang='lat' dir='ltr'>testatur</span> <span class='ocrx_word' id='word_1_18' title='bbox 991 550 1118 613; x_wconf 90' lang='lat' dir='ltr'>quod</span> <span class='ocrx_word' id='word_1_19' title='bbox 1147 549 1380 596; x_wconf 90' lang='lat' dir='ltr'>Robertus</span> <span class='ocrx_word' id='word_1_20' title='bbox 1406 549 1637 611; x_wconf 92' lang='lat' dir='ltr'>Vyncent,</span> <span class='ocrx_word' id='word_1_21' title='bbox 1666 548 1825 613; x_wconf 88' lang='lat' dir='ltr'>Maj0r</span> <span class='ocrx_word' id='word_1_22' title='bbox 1849 547 1958 594; x_wconf 92' lang='lat' dir='ltr'>ville</span> 
     </span>
     <span class='ocr_line' id='line_1_5' title="bbox 349 615 1958 678; baseline -0.001 -13"><span class='ocrx_word' id='word_1_23' title='bbox 349 635 398 665; x_wconf 91' lang='lat' dir='ltr'>ac</span> <span class='ocrx_word' id='word_1_24' title='bbox 424 618 595 665; x_wconf 88' lang='lat' dir='ltr'>Portus</span> <span class='ocrx_word' id='word_1_25' title='bbox 620 619 852 674; x_wconf 90' lang='lat' dir='ltr'>Dovorre,</span> <span class='ocrx_word' id='word_1_26' title='bbox 877 618 1111 678; x_wconf 86' lang='lat' dir='ltr'>Johannes</span> <span class='ocrx_word' id='word_1_27' title='bbox 1148 616 1347 673; x_wconf 85' lang='lat' dir='ltr'>ffullare,</span> <span class='ocrx_word' id='word_1_28' title='bbox 1387 616 1620 663; x_wconf 87' lang='lat' dir='ltr'>Robertus</span> <span class='ocrx_word' id='word_1_29' title='bbox 1643 615 1888 672; x_wconf 88' lang='lat' dir='ltr'>Sinethiot,</span> <span class='ocrx_word' id='word_1_30' title='bbox 1913 627 1958 663; x_wconf 89' lang='lat' dir='ltr'>et</span> 
     </span>
     <span class='ocr_line' id='line_1_6' title="bbox 351 655 1959 748; baseline -0.001 -16"><span class='ocrx_word' id='word_1_31' title='bbox 351 686 606 732; x_wconf 90' lang='lat' dir='ltr'>Nicholaus</span> <span class='ocrx_word' id='word_1_32' title='bbox 647 685 789 748; x_wconf 80' lang='lat' dir='ltr'>ffyne,</span> <span class='ocrx_word' id='word_1_33' title='bbox 833 684 1066 731; x_wconf 87' lang='lat' dir='ltr'>Custodes</span> <span class='ocrx_word' id='word_1_34' title='bbox 1106 684 1228 731; x_wconf 91' lang='lat' dir='ltr'>dicte</span> <span class='ocrx_word' id='word_1_35' title='bbox 1272 655 1394 740; x_wconf 85' lang='lat' dir='ltr'>ville,</span> <span class='ocrx_word' id='word_1_36' title='bbox 1442 683 1649 730; x_wconf 88' lang='lat' dir='ltr'>unanimi</span> <span class='ocrx_word' id='word_1_37' title='bbox 1691 699 1875 730; x_wconf 90' lang='lat' dir='ltr'>assensu</span> <span class='ocrx_word' id='word_1_38' title='bbox 1913 694 1959 730; x_wconf 91' lang='lat' dir='ltr'>et</span> 
     </span>
     <span class='ocr_line' id='line_1_7' title="bbox 350 751 1959 816; baseline -0.001 -17"><span class='ocrx_word' id='word_1_39' title='bbox 350 769 581 800; x_wconf 87' lang='lat' dir='ltr'>concensu</span> <span class='ocrx_word' id='word_1_40' title='bbox 637 753 786 798; x_wconf 89' lang='lat' dir='ltr'>tocius</span> <span class='ocrx_word' id='word_1_41' title='bbox 843 751 1210 798; x_wconf 89' lang='lat' dir='ltr'>Communitatis</span> <span class='ocrx_word' id='word_1_42' title='bbox 1264 751 1470 816; x_wconf 90' lang='lat' dir='ltr'>ejusdem</span> <span class='ocrx_word' id='word_1_43' title='bbox 1515 751 1624 796; x_wconf 91' lang='lat' dir='ltr'>ville</span> <span class='ocrx_word' id='word_1_44' title='bbox 1665 751 1959 798; x_wconf 88' lang='lat' dir='ltr'>tradiderunt</span> 
     </span>
     <span class='ocr_line' id='line_1_8' title="bbox 351 817 1958 879; baseline -0.001 -13"><span class='ocrx_word' id='word_1_45' title='bbox 351 830 673 866; x_wconf 89' lang='lat' dir='ltr'>concesserunt</span> <span class='ocrx_word' id='word_1_46' title='bbox 733 830 778 864; x_wconf 93' lang='lat' dir='ltr'>et</span> <span class='ocrx_word' id='word_1_47' title='bbox 836 820 892 866; x_wconf 91' lang='lat' dir='ltr'>ad</span> <span class='ocrx_word' id='word_1_48' title='bbox 961 817 1086 865; x_wconf 92' lang='lat' dir='ltr'>feodi</span> <span class='ocrx_word' id='word_1_49' title='bbox 1156 819 1338 864; x_wconf 85' lang='lat' dir='ltr'>firmam</span> <span class='ocrx_word' id='word_1_50' title='bbox 1409 818 1688 864; x_wconf 89' lang='lat' dir='ltr'>dimiserunt</span> <span class='ocrx_word' id='word_1_51' title='bbox 1757 817 1958 879; x_wconf 88' lang='lat' dir='ltr'>Johanni</span> 
     </span>
     <span class='ocr_line' id='line_1_9' title="bbox 351 884 1960 950; baseline -0.001 -17"><span class='ocrx_word' id='word_1_52' title='bbox 351 886 693 950; x_wconf 91' lang='lat' dir='ltr'>Tempylmane</span> <span class='ocrx_word' id='word_1_53' title='bbox 719 902 858 932; x_wconf 90' lang='lat' dir='ltr'>unam</span> <span class='ocrx_word' id='word_1_54' title='bbox 891 886 1092 949; x_wconf 87' lang='lat' dir='ltr'>placeam</span> <span class='ocrx_word' id='word_1_55' title='bbox 1118 897 1241 932; x_wconf 89' lang='lat' dir='ltr'>terre</span> <span class='ocrx_word' id='word_1_56' title='bbox 1274 886 1506 950; x_wconf 91' lang='lat' dir='ltr'>jacentem</span> <span class='ocrx_word' id='word_1_57' title='bbox 1550 884 1668 932; x_wconf 87' lang='lat' dir='ltr'>infra</span> <span class='ocrx_word' id='word_1_58' title='bbox 1700 884 1960 932; x_wconf 88' lang='lat' dir='ltr'>libertatem</span> 
     </span>
     <span class='ocr_line' id='line_1_10' title="bbox 352 952 1963 1016; baseline -0.001 -16"><span class='ocrx_word' id='word_1_59' title='bbox 352 955 526 1000; x_wconf 91' lang='lat' dir='ltr'>Portus</span> <span class='ocrx_word' id='word_1_60' title='bbox 566 954 785 999; x_wconf 91' lang='lat' dir='ltr'>Dovorre</span> <span class='ocrx_word' id='word_1_61' title='bbox 825 953 871 998; x_wconf 91' lang='lat' dir='ltr'>in</span> <span class='ocrx_word' id='word_1_62' title='bbox 917 953 1306 1015; x_wconf 87' lang='lat' dir='ltr'>Mankynwarde,</span> <span class='ocrx_word' id='word_1_63' title='bbox 1350 954 1469 999; x_wconf 89' lang='lat' dir='ltr'>inter</span> <span class='ocrx_word' id='word_1_64' title='bbox 1519 964 1690 999; x_wconf 88' lang='lat' dir='ltr'>terram</span> <span class='ocrx_word' id='word_1_65' title='bbox 1735 952 1963 1016; x_wconf 88' lang='lat' dir='ltr'>Hugonis</span> 
     </span>
     <span class='ocr_line' id='line_1_11' title="bbox 354 1019 1963 1075; baseline -0.001 -8"><span class='ocrx_word' id='word_1_66' title='bbox 354 1022 551 1067; x_wconf 87' lang='lat' dir='ltr'>Shereve</span> <span class='ocrx_word' id='word_1_67' title='bbox 578 1036 735 1067; x_wconf 89' lang='lat' dir='ltr'>versus</span> <span class='ocrx_word' id='word_1_68' title='bbox 762 1020 916 1075; x_wconf 86' lang='lat' dir='ltr'>north,</span> <span class='ocrx_word' id='word_1_69' title='bbox 943 1030 1112 1066; x_wconf 85' lang='lat' dir='ltr'>terram</span> <span class='ocrx_word' id='word_1_70' title='bbox 1137 1019 1324 1066; x_wconf 82' lang='lat' dir='ltr'>ecclesie</span> <span class='ocrx_word' id='word_1_71' title='bbox 1359 1019 1512 1066; x_wconf 82' lang='lat' dir='ltr'>Sancti</span> <span class='ocrx_word' id='word_1_72' title='bbox 1550 1019 1768 1066; x_wconf 88' lang='lat' dir='ltr'>Nicholai</span> <span class='ocrx_word' id='word_1_73' title='bbox 1807 1036 1963 1066; x_wconf 89' lang='lat' dir='ltr'>versus</span> 
     </span>
     <span class='ocr_line' id='line_1_12' title="bbox 350 1087 1961 1143; baseline -0.001 -9"><span class='ocrx_word' id='word_1_74' title='bbox 350 1099 461 1143; x_wconf 89' lang='lat' dir='ltr'>east,</span> <span class='ocrx_word' id='word_1_75' title='bbox 504 1099 677 1134; x_wconf 90' lang='lat' dir='ltr'>terram</span> <span class='ocrx_word' id='word_1_76' title='bbox 719 1087 918 1134; x_wconf 85' lang='lat' dir='ltr'>Simonis</span> <span class='ocrx_word' id='word_1_77' title='bbox 960 1087 1125 1133; x_wconf 92' lang='lat' dir='ltr'>Lovell</span> <span class='ocrx_word' id='word_1_78' title='bbox 1169 1104 1329 1134; x_wconf 88' lang='lat' dir='ltr'>versus</span> <span class='ocrx_word' id='word_1_79' title='bbox 1369 1087 1534 1143; x_wconf 90' lang='lat' dir='ltr'>sowth,</span> <span class='ocrx_word' id='word_1_80' title='bbox 1577 1099 1622 1134; x_wconf 90' lang='lat' dir='ltr'>et</span> <span class='ocrx_word' id='word_1_81' title='bbox 1661 1103 1961 1133; x_wconf 90' lang='lat' dir='ltr'>communem</span> 
     </span>
     <span class='ocr_line' id='line_1_13' title="bbox 353 1154 1963 1217; baseline 0 -16"><span class='ocrx_word' id='word_1_82' title='bbox 353 1155 583 1201; x_wconf 90' lang='lat' dir='ltr'>venellam</span> <span class='ocrx_word' id='word_1_83' title='bbox 610 1171 771 1201; x_wconf 89' lang='lat' dir='ltr'>versus</span> <span class='ocrx_word' id='word_1_84' title='bbox 795 1165 936 1201; x_wconf 90' lang='lat' dir='ltr'>west:</span> <span class='ocrx_word' id='word_1_85' title='bbox 978 1154 1173 1200; x_wconf 90' lang='lat' dir='ltr'>habend&#39;</span> <span class='ocrx_word' id='word_1_86' title='bbox 1198 1165 1243 1200; x_wconf 94' lang='lat' dir='ltr'>et</span> <span class='ocrx_word' id='word_1_87' title='bbox 1269 1154 1455 1201; x_wconf 90' lang='lat' dir='ltr'>tenend&#39;</span> <span class='ocrx_word' id='word_1_88' title='bbox 1482 1154 1735 1217; x_wconf 83' lang='lat' dir='ltr'>predictam</span> <span class='ocrx_word' id='word_1_89' title='bbox 1763 1155 1963 1217; x_wconf 89' lang='lat' dir='ltr'>placeam</span> 
     </span>
     <span class='ocr_line' id='line_1_14' title="bbox 352 1220 1963 1297; baseline -0.001 -28"><span class='ocrx_word' id='word_1_90' title='bbox 352 1234 475 1270; x_wconf 92' lang='lat' dir='ltr'>terre</span> <span class='ocrx_word' id='word_1_91' title='bbox 516 1238 621 1268; x_wconf 91' lang='lat' dir='ltr'>cum</span> <span class='ocrx_word' id='word_1_92' title='bbox 663 1222 757 1268; x_wconf 90' lang='lat' dir='ltr'>suis</span> <span class='ocrx_word' id='word_1_93' title='bbox 797 1221 1096 1297; x_wconf 79' lang='lat' dir='ltr'>pertinenciis</span> <span class='ocrx_word' id='word_1_94' title='bbox 1136 1220 1317 1284; x_wconf 91' lang='lat' dir='ltr'>prefato</span> <span class='ocrx_word' id='word_1_95' title='bbox 1356 1222 1556 1283; x_wconf 89' lang='lat' dir='ltr'>Johanni</span> <span class='ocrx_word' id='word_1_96' title='bbox 1607 1221 1963 1285; x_wconf 90' lang='lat' dir='ltr'>Tempylmane,</span> 
     </span>
     <span class='ocr_line' id='line_1_15' title="bbox 355 1287 1965 1352; baseline -0.001 -16"><span class='ocrx_word' id='word_1_97' title='bbox 355 1289 600 1336; x_wconf 85' lang='lat' dir='ltr'>heredibus</span> <span class='ocrx_word' id='word_1_98' title='bbox 640 1300 685 1335; x_wconf 92' lang='lat' dir='ltr'>et</span> <span class='ocrx_word' id='word_1_99' title='bbox 727 1289 968 1352; x_wconf 89' lang='lat' dir='ltr'>assignatis</span> <span class='ocrx_word' id='word_1_100' title='bbox 1019 1288 1112 1335; x_wconf 89' lang='lat' dir='ltr'>suis</span> <span class='ocrx_word' id='word_1_101' title='bbox 1165 1289 1543 1352; x_wconf 90' lang='lat' dir='ltr'>imperpetuum·</span> <span class='ocrx_word' id='word_1_102' title='bbox 1601 1287 1814 1335; x_wconf 84' lang='lat' dir='ltr'>ffaciend’</span> <span class='ocrx_word' id='word_1_103' title='bbox 1857 1288 1965 1335; x_wconf 90' lang='lat' dir='ltr'>inde</span> 
     </span>
     <span class='ocr_line' id='line_1_16' title="bbox 355 1355 1966 1420; baseline -0.001 -17"><span class='ocrx_word' id='word_1_104' title='bbox 355 1356 603 1404; x_wconf 89' lang='lat' dir='ltr'>servicium</span> <span class='ocrx_word' id='word_1_105' title='bbox 646 1356 826 1402; x_wconf 91' lang='lat' dir='ltr'>domini</span> <span class='ocrx_word' id='word_1_106' title='bbox 872 1355 1013 1420; x_wconf 83' lang='lat' dir='ltr'>Regis</span> <span class='ocrx_word' id='word_1_107' title='bbox 1054 1356 1309 1402; x_wconf 89' lang='lat' dir='ltr'>secundum</span> <span class='ocrx_word' id='word_1_108' title='bbox 1363 1356 1747 1402; x_wconf 87' lang='lat' dir='ltr'>consuetudinem</span> <span class='ocrx_word' id='word_1_109' title='bbox 1802 1368 1966 1419; x_wconf 89' lang='lat' dir='ltr'>portus</span> 
     </span>
     <span class='ocr_line' id='line_1_17' title="bbox 358 1423 1966 1488; baseline -0.001 -17"><span class='ocrx_word' id='word_1_110' title='bbox 358 1423 554 1487; x_wconf 89' lang='lat' dir='ltr'>predicti</span> <span class='ocrx_word' id='word_1_111' title='bbox 582 1440 688 1470; x_wconf 90' lang='lat' dir='ltr'>cum</span> <span class='ocrx_word' id='word_1_112' title='bbox 715 1423 922 1470; x_wconf 88' lang='lat' dir='ltr'>evenerit</span> <span class='ocrx_word' id='word_1_113' title='bbox 947 1442 954 1469; x_wconf 88' lang='lat'>:</span> <span class='ocrx_word' id='word_1_114' title='bbox 993 1434 1039 1469; x_wconf 93' lang='lat' dir='ltr'>et</span> <span class='ocrx_word' id='word_1_115' title='bbox 1065 1423 1288 1470; x_wconf 87' lang='lat' dir='ltr'>reddend&#39;</span> <span class='ocrx_word' id='word_1_116' title='bbox 1316 1423 1422 1469; x_wconf 90' lang='lat' dir='ltr'>inde</span> <span class='ocrx_word' id='word_1_117' title='bbox 1451 1423 1624 1488; x_wconf 88' lang='lat' dir='ltr'>Majori</span> <span class='ocrx_word' id='word_1_118' title='bbox 1657 1434 1702 1469; x_wconf 92' lang='lat' dir='ltr'>et</span> <span class='ocrx_word' id='word_1_119' title='bbox 1741 1423 1966 1470; x_wconf 92' lang='lat' dir='ltr'>Custodi-</span> 
     </span>
     <span class='ocr_line' id='line_1_18' title="bbox 357 1489 1966 1554; baseline -0.001 -16"><span class='ocrx_word' id='word_1_120' title='bbox 357 1492 442 1538; x_wconf 91' lang='lat' dir='ltr'>bus</span> <span class='ocrx_word' id='word_1_121' title='bbox 479 1491 600 1537; x_wconf 93' lang='lat' dir='ltr'>dicte</span> <span class='ocrx_word' id='word_1_122' title='bbox 640 1491 747 1536; x_wconf 87' lang='lat' dir='ltr'>ville</span> <span class='ocrx_word' id='word_1_123' title='bbox 785 1491 863 1554; x_wconf 91' lang='lat' dir='ltr'>qui</span> <span class='ocrx_word' id='word_1_124' title='bbox 904 1507 991 1553; x_wconf 91' lang='lat' dir='ltr'>pro</span> <span class='ocrx_word' id='word_1_125' title='bbox 1029 1502 1240 1554; x_wconf 91' lang='lat' dir='ltr'>tempore</span> <span class='ocrx_word' id='word_1_126' title='bbox 1280 1489 1453 1536; x_wconf 89' lang='lat' dir='ltr'>fuerint</span> <span class='ocrx_word' id='word_1_127' title='bbox 1492 1490 1731 1537; x_wconf 88' lang='lat' dir='ltr'>annuatim</span> <span class='ocrx_word' id='word_1_128' title='bbox 1762 1491 1807 1536; x_wconf 90' lang='lat' dir='ltr'>in</span> <span class='ocrx_word' id='word_1_129' title='bbox 1847 1489 1966 1537; x_wconf 87' lang='lat' dir='ltr'>festo</span> 
     </span>
     <span class='ocr_line' id='line_1_19' title="bbox 357 1557 1968 1622; baseline -0.001 -18"><span class='ocrx_word' id='word_1_130' title='bbox 357 1558 631 1604; x_wconf 89' lang='lat' dir='ltr'>Nativitatis</span> <span class='ocrx_word' id='word_1_131' title='bbox 654 1557 806 1603; x_wconf 87' lang='lat' dir='ltr'>Sancti</span> <span class='ocrx_word' id='word_1_132' title='bbox 830 1557 1056 1618; x_wconf 88' lang='lat' dir='ltr'>Johannis</span> <span class='ocrx_word' id='word_1_133' title='bbox 1095 1557 1302 1620; x_wconf 90' lang='lat' dir='ltr'>Baptiste</span> <span class='ocrx_word' id='word_1_134' title='bbox 1337 1557 1477 1622; x_wconf 72' lang='lat' dir='ltr'>*iiij0&#39;</span> <span class='ocrx_word' id='word_1_135' title='bbox 1513 1558 1725 1604; x_wconf 91' lang='lat' dir='ltr'>denarios</span> <span class='ocrx_word' id='word_1_136' title='bbox 1761 1557 1968 1604; x_wconf 86' lang='lat' dir='ltr'>annualis</span> 
     </span>
     <span class='ocr_line' id='line_1_20' title="bbox 359 1624 1965 1688; baseline -0.001 -17"><span class='ocrx_word' id='word_1_137' title='bbox 359 1625 602 1672; x_wconf 90' lang='lat' dir='ltr'>redditus:</span> <span class='ocrx_word' id='word_1_138' title='bbox 675 1636 720 1671; x_wconf 93' lang='lat' dir='ltr'>et</span> <span class='ocrx_word' id='word_1_139' title='bbox 779 1625 815 1670; x_wconf 90' lang='lat' dir='ltr'>si</span> <span class='ocrx_word' id='word_1_140' title='bbox 876 1625 1118 1688; x_wconf 87' lang='lat' dir='ltr'>contingat</span> <span class='ocrx_word' id='word_1_141' title='bbox 1176 1624 1354 1671; x_wconf 91' lang='lat' dir='ltr'>dictum</span> <span class='ocrx_word' id='word_1_142' title='bbox 1421 1625 1667 1670; x_wconf 86' lang='lat' dir='ltr'>annualem</span> <span class='ocrx_word' id='word_1_143' title='bbox 1729 1625 1965 1672; x_wconf 89' lang='lat' dir='ltr'>redditum</span> 
     </span>
     <span class='ocr_line' id='line_1_21' title="bbox 358 1691 1966 1772; baseline -0.001 -33"><span class='ocrx_word' id='word_1_144' title='bbox 358 1693 563 1740; x_wconf 89' lang='lat' dir='ltr'>duorum</span> <span class='ocrx_word' id='word_1_145' title='bbox 603 1691 642 1755; x_wconf 92' lang='lat'>[?</span> <span class='ocrx_word' id='word_1_146' title='bbox 672 1692 897 1772; x_wconf 80' lang='lat' dir='ltr'>quatuor]</span> <span class='ocrx_word' id='word_1_147' title='bbox 951 1692 1250 1739; x_wconf 90' lang='lat' dir='ltr'>denariorum</span> <span class='ocrx_word' id='word_1_148' title='bbox 1301 1705 1452 1738; x_wconf 88' lang='lat' dir='ltr'>aretro</span> <span class='ocrx_word' id='word_1_149' title='bbox 1499 1691 1599 1738; x_wconf 89' lang='lat' dir='ltr'>fore</span> <span class='ocrx_word' id='word_1_150' title='bbox 1637 1693 1756 1738; x_wconf 89' lang='lat' dir='ltr'>ultra</span> <span class='ocrx_word' id='word_1_151' title='bbox 1793 1691 1966 1738; x_wconf 89' lang='lat' dir='ltr'>festum</span> 
     </span>
     <span class='ocr_line' id='line_1_22' title="bbox 360 1758 1967 1824; baseline -0.001 -19"><span class='ocrx_word' id='word_1_152' title='bbox 360 1759 626 1824; x_wconf 91' lang='lat' dir='ltr'>predictum</span> <span class='ocrx_word' id='word_1_153' title='bbox 666 1776 746 1821; x_wconf 91' lang='lat' dir='ltr'>per</span> <span class='ocrx_word' id='word_1_154' title='bbox 783 1767 871 1805; x_wconf 88' lang='lat' dir='ltr'>xv</span> <span class='ocrx_word' id='word_1_155' title='bbox 846 1766 900 1784; x_wconf 67' lang='lat'>⁰¹³¹</span> <span class='ocrx_word' id='word_1_156' title='bbox 949 1760 1048 1806; x_wconf 90' lang='lat' dir='ltr'>dies</span> <span class='ocrx_word' id='word_1_157' title='bbox 1087 1775 1179 1805; x_wconf 91' lang='lat' dir='ltr'>non</span> <span class='ocrx_word' id='word_1_158' title='bbox 1217 1759 1426 1805; x_wconf 90' lang='lat' dir='ltr'>solutum</span> <span class='ocrx_word' id='word_1_159' title='bbox 1459 1770 1628 1805; x_wconf 87' lang='lat' dir='ltr'>extunc</span> <span class='ocrx_word' id='word_1_160' title='bbox 1665 1759 1846 1806; x_wconf 90' lang='lat' dir='ltr'>licitum</span> <span class='ocrx_word' id='word_1_161' title='bbox 1879 1758 1967 1805; x_wconf 89' lang='lat' dir='ltr'>erit</span> 
     </span>
     <span class='ocr_line' id='line_1_23' title="bbox 363 1825 1967 1902; baseline -0.001 -29"><span class='ocrx_word' id='word_1_162' title='bbox 363 1827 534 1891; x_wconf 89' lang='lat' dir='ltr'>Majori</span> <span class='ocrx_word' id='word_1_163' title='bbox 561 1838 606 1873; x_wconf 92' lang='lat' dir='ltr'>et</span> <span class='ocrx_word' id='word_1_164' title='bbox 634 1825 925 1874; x_wconf 88' lang='lat' dir='ltr'>Custodibus</span> <span class='ocrx_word' id='word_1_165' title='bbox 952 1826 1059 1872; x_wconf 91' lang='lat' dir='ltr'>ville</span> <span class='ocrx_word' id='word_1_166' title='bbox 1083 1826 1288 1901; x_wconf 87' lang='lat' dir='ltr'>predicte</span> <span class='ocrx_word' id='word_1_167' title='bbox 1313 1827 1392 1890; x_wconf 90' lang='lat' dir='ltr'>qui</span> <span class='ocrx_word' id='word_1_168' title='bbox 1425 1843 1510 1889; x_wconf 89' lang='lat' dir='ltr'>pro</span> <span class='ocrx_word' id='word_1_169' title='bbox 1546 1838 1757 1902; x_wconf 84' lang='lat' dir='ltr'>tempore</span> <span class='ocrx_word' id='word_1_170' title='bbox 1794 1825 1967 1873; x_wconf 87' lang='lat' dir='ltr'>fuerint</span> 
     </span>
     <span class='ocr_line' id='line_1_24' title="bbox 360 1893 1968 1958; baseline 0 -18"><span class='ocrx_word' id='word_1_171' title='bbox 360 1895 406 1940; x_wconf 88' lang='lat' dir='ltr'>in</span> <span class='ocrx_word' id='word_1_172' title='bbox 433 1893 687 1957; x_wconf 88' lang='lat' dir='ltr'>predictam</span> <span class='ocrx_word' id='word_1_173' title='bbox 714 1894 915 1956; x_wconf 91' lang='lat' dir='ltr'>placeam</span> <span class='ocrx_word' id='word_1_174' title='bbox 942 1905 1062 1939; x_wconf 90' lang='lat' dir='ltr'>terre</span> <span class='ocrx_word' id='word_1_175' title='bbox 1087 1910 1192 1939; x_wconf 92' lang='lat' dir='ltr'>cum</span> <span class='ocrx_word' id='word_1_176' title='bbox 1212 1894 1306 1940; x_wconf 91' lang='lat' dir='ltr'>suis</span> <span class='ocrx_word' id='word_1_177' title='bbox 1336 1893 1634 1957; x_wconf 86' lang='lat' dir='ltr'>pertinenciis</span> <span class='ocrx_word' id='word_1_178' title='bbox 1659 1894 1713 1940; x_wconf 89' lang='lat' dir='ltr'>ad</span> <span class='ocrx_word' id='word_1_179' title='bbox 1740 1910 1968 1958; x_wconf 89' lang='lat' dir='ltr'>quorum-</span> 
     </span>
     <span class='ocr_line' id='line_1_25' title="bbox 360 1961 1967 2024; baseline 0 -17"><span class='ocrx_word' id='word_1_180' title='bbox 360 1977 559 2024; x_wconf 91' lang='lat' dir='ltr'>cumque</span> <span class='ocrx_word' id='word_1_181' title='bbox 603 1977 766 2007; x_wconf 91' lang='lat' dir='ltr'>manus</span> <span class='ocrx_word' id='word_1_182' title='bbox 808 1961 1115 2023; x_wconf 88' lang='lat' dir='ltr'>imposterum</span> <span class='ocrx_word' id='word_1_183' title='bbox 1158 1962 1363 2007; x_wconf 90' lang='lat' dir='ltr'>evenerit</span> <span class='ocrx_word' id='word_1_184' title='bbox 1408 1961 1631 2006; x_wconf 88' lang='lat' dir='ltr'>reintrare</span> <span class='ocrx_word' id='word_1_185' title='bbox 1683 1973 1728 2006; x_wconf 92' lang='lat' dir='ltr'>et</span> <span class='ocrx_word' id='word_1_186' title='bbox 1784 1961 1967 2024; x_wconf 87' lang='lat' dir='ltr'>pacifice</span> 
     </span>
     <span class='ocr_line' id='line_1_26' title="bbox 363 2027 1968 2092; baseline 0 -18"><span class='ocrx_word' id='word_1_187' title='bbox 363 2028 598 2091; x_wconf 88' lang='lat' dir='ltr'>possidere</span> <span class='ocrx_word' id='word_1_188' title='bbox 646 2027 731 2073; x_wconf 88' lang='lat' dir='ltr'>sibi</span> <span class='ocrx_word' id='word_1_189' title='bbox 782 2039 826 2074; x_wconf 89' lang='lat' dir='ltr'>et</span> <span class='ocrx_word' id='word_1_190' title='bbox 875 2045 1038 2074; x_wconf 91' lang='lat' dir='ltr'>eorum</span> <span class='ocrx_word' id='word_1_191' title='bbox 1082 2028 1420 2074; x_wconf 89' lang='lat' dir='ltr'>successoribus</span> <span class='ocrx_word' id='word_1_192' title='bbox 1464 2028 1728 2092; x_wconf 86' lang='lat' dir='ltr'>Majoribus</span> <span class='ocrx_word' id='word_1_193' title='bbox 1764 2042 1809 2074; x_wconf 89' lang='lat' dir='ltr'>et</span> <span class='ocrx_word' id='word_1_194' title='bbox 1849 2028 1968 2074; x_wconf 89' lang='lat' dir='ltr'>Cus-</span> 
     </span>
     <span class='ocr_line' id='line_1_27' title="bbox 361 2094 1967 2159; baseline 0 -17"><span class='ocrx_word' id='word_1_195' title='bbox 361 2095 551 2142; x_wconf 89' lang='lat' dir='ltr'>todibus</span> <span class='ocrx_word' id='word_1_196' title='bbox 587 2094 792 2158; x_wconf 88' lang='lat' dir='ltr'>ejusdem</span> <span class='ocrx_word' id='word_1_197' title='bbox 834 2094 941 2140; x_wconf 92' lang='lat' dir='ltr'>ville</span> <span class='ocrx_word' id='word_1_198' title='bbox 979 2096 1357 2158; x_wconf 90' lang='lat' dir='ltr'>imperpetuum:</span> <span class='ocrx_word' id='word_1_199' title='bbox 1399 2112 1590 2157; x_wconf 82' lang='lat' dir='ltr'>proviso</span> <span class='ocrx_word' id='word_1_200' title='bbox 1626 2112 1808 2159; x_wconf 85' lang='lat' dir='ltr'>semper</span> <span class='ocrx_word' id='word_1_201' title='bbox 1840 2095 1967 2159; x_wconf 93' lang='lat' dir='ltr'>quod</span> 
     </span>
     <span class='ocr_line' id='line_1_28' title="bbox 363 2161 1969 2226; baseline 0.001 -18"><span class='ocrx_word' id='word_1_202' title='bbox 363 2162 557 2226; x_wconf 90' lang='lat' dir='ltr'>predicti</span> <span class='ocrx_word' id='word_1_203' title='bbox 603 2161 777 2225; x_wconf 87' lang='lat' dir='ltr'>Major,</span> <span class='ocrx_word' id='word_1_204' title='bbox 821 2161 1070 2218; x_wconf 79' lang='lat' dir='ltr'>CustodeS,</span> <span class='ocrx_word' id='word_1_205' title='bbox 1113 2172 1158 2208; x_wconf 93' lang='lat' dir='ltr'>et</span> <span class='ocrx_word' id='word_1_206' title='bbox 1201 2162 1544 2217; x_wconf 87' lang='lat' dir='ltr'>Communitas,</span> <span class='ocrx_word' id='word_1_207' title='bbox 1587 2180 1636 2208; x_wconf 90' lang='lat' dir='ltr'>ac</span> <span class='ocrx_word' id='word_1_208' title='bbox 1686 2179 1969 2209; x_wconf 85' lang='lat' dir='ltr'>successores</span> 
     </span>
     <span class='ocr_line' id='line_1_29' title="bbox 362 2228 1966 2292; baseline 0.002 -18"><span class='ocrx_word' id='word_1_209' title='bbox 362 2246 432 2275; x_wconf 83' lang='lat' dir='ltr'>sui</span> <span class='ocrx_word' id='word_1_210' title='bbox 477 2229 524 2274; x_wconf 92' lang='lat' dir='ltr'>in</span> <span class='ocrx_word' id='word_1_211' title='bbox 576 2229 780 2291; x_wconf 90' lang='lat' dir='ltr'>predicta</span> <span class='ocrx_word' id='word_1_212' title='bbox 830 2228 982 2291; x_wconf 89' lang='lat' dir='ltr'>placea</span> <span class='ocrx_word' id='word_1_213' title='bbox 1031 2240 1150 2274; x_wconf 89' lang='lat' dir='ltr'>terre</span> <span class='ocrx_word' id='word_1_214' title='bbox 1201 2229 1433 2275; x_wconf 84' lang='lat' dir='ltr'>habebunt</span> <span class='ocrx_word' id='word_1_215' title='bbox 1481 2246 1730 2275; x_wconf 90' lang='lat' dir='ltr'>commune</span> <span class='ocrx_word' id='word_1_216' title='bbox 1779 2246 1966 2292; x_wconf 88' lang='lat' dir='ltr'>parcum</span> 
     </span>
     <span class='ocr_line' id='line_1_30' title="bbox 364 2295 1968 2360; baseline 0.001 -18"><span class='ocrx_word' id='word_1_217' title='bbox 364 2313 501 2342; x_wconf 87' lang='lat' dir='ltr'>suum</span> <span class='ocrx_word' id='word_1_218' title='bbox 527 2295 583 2341; x_wconf 92' lang='lat' dir='ltr'>ad</span> <span class='ocrx_word' id='word_1_219' title='bbox 610 2296 933 2357; x_wconf 90' lang='lat' dir='ltr'>imparcandos</span> <span class='ocrx_word' id='word_1_220' title='bbox 958 2313 1125 2358; x_wconf 89' lang='lat' dir='ltr'>porcos</span> <span class='ocrx_word' id='word_1_221' title='bbox 1162 2296 1259 2342; x_wconf 87' lang='lat' dir='ltr'>sine</span> <span class='ocrx_word' id='word_1_222' title='bbox 1295 2296 1445 2360; x_wconf 88' lang='lat' dir='ltr'>aliqua</span> <span class='ocrx_word' id='word_1_223' title='bbox 1481 2297 1856 2343; x_wconf 83' lang='lat' dir='ltr'>contradiccione</span> <span class='ocrx_word' id='word_1_224' title='bbox 1892 2309 1968 2343; x_wconf 86' lang='lat' dir='ltr'>aut</span> 
     </span>
     <span class='ocr_line' id='line_1_31' title="bbox 363 2363 1968 2426; baseline 0.001 -18.001"><span class='ocrx_word' id='word_1_225' title='bbox 363 2363 704 2426; x_wconf 89' lang='lat' dir='ltr'>impedimento</span> <span class='ocrx_word' id='word_1_226' title='bbox 762 2363 874 2408; x_wconf 90' lang='lat' dir='ltr'>dicti</span> <span class='ocrx_word' id='word_1_227' title='bbox 933 2363 1158 2422; x_wconf 84' lang='lat' dir='ltr'>Johannis</span> <span class='ocrx_word' id='word_1_228' title='bbox 1214 2364 1545 2426; x_wconf 84' lang='lat' dir='ltr'>Tempylman,</span> <span class='ocrx_word' id='word_1_229' title='bbox 1618 2364 1842 2410; x_wconf 87' lang='lat' dir='ltr'>heredum</span> <span class='ocrx_word' id='word_1_230' title='bbox 1897 2363 1968 2410; x_wconf 90' lang='lat' dir='ltr'>vel</span> 
     </span>
     <span class='ocr_line' id='line_1_32' title="bbox 363 2431 1969 2494; baseline 0.001 -18"><span class='ocrx_word' id='word_1_231' title='bbox 363 2431 702 2494; x_wconf 88' lang='lat' dir='ltr'>assignatorum</span> <span class='ocrx_word' id='word_1_232' title='bbox 738 2447 950 2484; x_wconf 88' lang='lat' dir='ltr'>suorum,</span> <span class='ocrx_word' id='word_1_233' title='bbox 989 2431 1368 2493; x_wconf 87' lang='lat' dir='ltr'>imperpetuum:</span> <span class='ocrx_word' id='word_1_234' title='bbox 1414 2444 1458 2477; x_wconf 92' lang='lat' dir='ltr'>et</span> <span class='ocrx_word' id='word_1_235' title='bbox 1498 2431 1691 2494; x_wconf 85' lang='lat' dir='ltr'>predicti</span> <span class='ocrx_word' id='word_1_236' title='bbox 1737 2432 1969 2478; x_wconf 86' lang='lat' dir='ltr'>Robertus</span> 
     </span>
     <span class='ocr_line' id='line_1_33' title="bbox 366 2496 1968 2561; baseline 0.002 -20"><span class='ocrx_word' id='word_1_237' title='bbox 366 2498 594 2561; x_wconf 92' lang='lat' dir='ltr'>Vyncent,</span> <span class='ocrx_word' id='word_1_238' title='bbox 622 2496 794 2560; x_wconf 86' lang='lat' dir='ltr'>Major,</span> <span class='ocrx_word' id='word_1_239' title='bbox 813 2496 1063 2554; x_wconf 85' lang='lat' dir='ltr'>Custodes,</span> <span class='ocrx_word' id='word_1_240' title='bbox 1081 2509 1125 2543; x_wconf 92' lang='lat' dir='ltr'>et</span> <span class='ocrx_word' id='word_1_241' title='bbox 1154 2498 1499 2554; x_wconf 83' lang='lat' dir='ltr'>Communitas,</span> <span class='ocrx_word' id='word_1_242' title='bbox 1525 2510 1568 2544; x_wconf 92' lang='lat' dir='ltr'>et</span> <span class='ocrx_word' id='word_1_243' title='bbox 1595 2514 1876 2544; x_wconf 87' lang='lat' dir='ltr'>successores</span> <span class='ocrx_word' id='word_1_244' title='bbox 1900 2497 1968 2545; x_wconf 88' lang='lat' dir='ltr'>sui</span> 
     </span>
     <span class='ocr_line' id='line_1_34' title="bbox 366 2563 1968 2628; baseline 0.001 -19"><span class='ocrx_word' id='word_1_245' title='bbox 366 2565 620 2628; x_wconf 89' lang='lat' dir='ltr'>predictam</span> <span class='ocrx_word' id='word_1_246' title='bbox 643 2563 844 2626; x_wconf 90' lang='lat' dir='ltr'>placeam</span> <span class='ocrx_word' id='word_1_247' title='bbox 866 2575 984 2610; x_wconf 89' lang='lat' dir='ltr'>terre</span> <span class='ocrx_word' id='word_1_248' title='bbox 1004 2581 1109 2610; x_wconf 91' lang='lat' dir='ltr'>cum</span> <span class='ocrx_word' id='word_1_249' title='bbox 1129 2565 1221 2610; x_wconf 88' lang='lat' dir='ltr'>suis</span> <span class='ocrx_word' id='word_1_250' title='bbox 1242 2565 1539 2628; x_wconf 86' lang='lat' dir='ltr'>pertinenciis</span> <span class='ocrx_word' id='word_1_251' title='bbox 1564 2564 1743 2627; x_wconf 88' lang='lat' dir='ltr'>prefato</span> <span class='ocrx_word' id='word_1_252' title='bbox 1770 2565 1968 2625; x_wconf 86' lang='lat' dir='ltr'>Johanni</span> 
     </span>
     <span class='ocr_line' id='line_1_35' title="bbox 365 2631 1969 2696; baseline 0 -19"><span class='ocrx_word' id='word_1_253' title='bbox 365 2632 698 2694; x_wconf 84' lang='lat' dir='ltr'>Tempylman‚</span> <span class='ocrx_word' id='word_1_254' title='bbox 735 2631 980 2678; x_wconf 85' lang='lat' dir='ltr'>heredibus</span> <span class='ocrx_word' id='word_1_255' title='bbox 1015 2644 1059 2677; x_wconf 92' lang='lat' dir='ltr'>et</span> <span class='ocrx_word' id='word_1_256' title='bbox 1096 2632 1338 2696; x_wconf 80' lang='lat' dir='ltr'>assignatis</span> <span class='ocrx_word' id='word_1_257' title='bbox 1387 2634 1495 2688; x_wconf 85' lang='lat' dir='ltr'>suis,</span> <span class='ocrx_word' id='word_1_258' title='bbox 1547 2633 1689 2678; x_wconf 87' lang='lat' dir='ltr'>modo</span> <span class='ocrx_word' id='word_1_259' title='bbox 1737 2645 1781 2678; x_wconf 89' lang='lat' dir='ltr'>et</span> <span class='ocrx_word' id='word_1_260' title='bbox 1820 2631 1969 2679; x_wconf 84' lang='lat' dir='ltr'>forma</span> 
     </span>
     <span class='ocr_line' id='line_1_36' title="bbox 367 2699 1966 2762; baseline 0.003 -21"><span class='ocrx_word' id='word_1_261' title='bbox 367 2699 579 2760; x_wconf 87' lang='lat' dir='ltr'>predicto</span> <span class='ocrx_word' id='word_1_262' title='bbox 616 2709 777 2743; x_wconf 89' lang='lat' dir='ltr'>contra</span> <span class='ocrx_word' id='word_1_263' title='bbox 813 2714 972 2744; x_wconf 90' lang='lat' dir='ltr'>omnes</span> <span class='ocrx_word' id='word_1_264' title='bbox 1008 2710 1169 2762; x_wconf 84' lang='lat' dir='ltr'>gentes</span> <span class='ocrx_word' id='word_1_265' title='bbox 1205 2699 1570 2745; x_wconf 82' lang='lat' dir='ltr'>warantizabunt</span> <span class='ocrx_word' id='word_1_266' title='bbox 1607 2700 1966 2762; x_wconf 88' lang='lat' dir='ltr'>imperpetuum.</span> 
     </span>
    </p>
   </div>
   <div class='ocr_carea' id='block_1_4' title="bbox 548 2781 1794 2832">
    <p class='ocr_par' dir='ltr' id='par_1_4' title="bbox 548 2781 1794 2832">
     <span class='ocr_line' id='line_1_37' title="bbox 548 2781 1794 2832; baseline 0.001 -14"><span class='ocrx_word' id='word_1_267' title='bbox 548 2781 569 2801; x_wconf 71' lang='lat'>¹*</span> <span class='ocrx_word' id='word_1_268' title='bbox 587 2782 690 2818; x_wconf 73' lang='lat' dir='ltr'>Duos</span> <span class='ocrx_word' id='word_1_269' title='bbox 714 2795 785 2818; x_wconf 74' lang='lat' dir='ltr'>was</span> <span class='ocrx_word' id='word_1_270' title='bbox 809 2783 959 2818; x_wconf 79' lang='lat' dir='ltr'>written</span> <span class='ocrx_word' id='word_1_271' title='bbox 982 2783 1055 2819; x_wconf 80' lang='lat' dir='ltr'>and</span> <span class='ocrx_word' id='word_1_272' title='bbox 1078 2783 1216 2825; x_wconf 80' lang='lat' dir='ltr'>crased.</span> <span class='ocrx_word' id='word_1_273' title='bbox 1240 2783 1323 2832; x_wconf 77' lang='lat' dir='ltr'>iiij⁰¹</span> <span class='ocrx_word' id='word_1_274' title='bbox 1346 2783 1457 2831; x_wconf 76' lang='lat' dir='ltr'>being</span> <span class='ocrx_word' id='word_1_275' title='bbox 1479 2783 1643 2820; x_wconf 75' lang='lat' dir='ltr'>inserted</span> <span class='ocrx_word' id='word_1_276' title='bbox 1665 2784 1794 2820; x_wconf 74' lang='lat' dir='ltr'>above.</span> 
     </span>
    </p>
   </div>
   <div class='ocr_carea' id='block_1_5' title="bbox 2070 0 2181 2189">
    <p class='ocr_par' dir='ltr' id='par_1_5' title="bbox 2070 0 2181 2189">
     <span class='ocr_line' id='line_1_38' title="bbox 2070 0 2181 2189; baseline 0 0"><span class='ocrx_word' id='word_1_277' title='bbox 2070 0 2181 2189; x_wconf 95' lang='lat' dir='ltr'> </span> 
     </span>
    </p>
   </div>
  </div>
 </body>
</html>
