2192 3342
447 273 461 303 1
480 272 496 304 1
508 257 534 302 6
919 255 1152 303 DOVER
1190 255 1561 304 CHARTERS

1077 389 1419 441 XXXVIII.

1005 506 1019 546 i
1051 505 1182 556 Maii,
1215 512 1266 556 15
1296 504 1394 546 Ric.
1430 505 1489 547 11.

440 608 726 655 Novmuwr
769 607 969 654 universi
1011 623 1199 671 presens
1239 607 1465 670 scriptum
1512 607 1764 671 inspecturi
1810 607 1939 671 quod
1986 606 2050 654 ita

440 677 659 722 convenit
694 675 814 722 inter
849 674 1086 721 Abbatem
1121 685 1166 720 et
1206 674 1507 722 Conventum
1549 675 1712 722 Sancte
1749 674 2052 738 Radegundis

439 760 496 789 ex
546 761 636 790 una
682 754 826 806 parte,
874 753 921 788 et
969 741 1223 788 Ricardum
1278 742 1415 805 Petyt
1462 742 1520 788 de
1571 743 1789 790 Dovorra
1834 742 2050 799 exaltera,

440 810 656 857 videlicet
703 810 831 874 quod
874 809 987 855 dicti
1035 808 1195 855 Abbas
1245 820 1291 856 et
1345 809 1620 856 Conventus
1676 808 1957 856 remiserunt
2003 819 2050 855 et

438 894 524 941 pro
570 894 617 924 se
668 888 715 924 et
761 875 1103 923 successoribus
1148 875 1244 922 suis
1290 876 1506 941 quietum
1554 876 1870 923 clamaverunt
1921 876 2050 923 dicto

440 945 642 992 Ricardo
700 944 843 1009 Petyt
901 943 1199 991 omnimodas
1256 943 1462 991 acciones
1520 960 1635 1009 quas
1693 944 1956 990 habuerunt
2002 944 2050 990 in

439 1011 777 1076 repossessione
825 1011 1067 1076 cujusdam
1114 1011 1268 1075 placee
1313 1022 1434 1059 terre
1471 1027 1578 1058 cum
1621 1010 1919 1075 pertinenciis
1956 1010 2052 1057 suis

430 1079 628 1144 jacentis
664 1077 783 1126 infra
818 1078 1082 1126 libertatem
1129 1078 1303 1125 Portus
1341 1080 1559 1127 Dovorre
1595 1078 1642 1125 in
1680 1079 2050 1126 halvendennes-

439 1148 604 1204 warde,
633 1146 878 1210 capitantis
901 1146 958 1193 ad
983 1146 1106 1193 viam
1128 1156 1341 1193 vocatam
1366 1146 1478 1193 blais
1503 1147 1603 1193 lane
1621 1162 1777 1192 versus
1795 1146 2048 1202 southeast,

438 1226 484 1261 et
509 1215 566 1261 ad
587 1215 877 1279 mesuagium
906 1213 1095 1260 Ricardi
1125 1213 1314 1262 Plomer
1340 1230 1498 1260 versus
1524 1214 1779 1270 northeast,
1805 1213 2052 1261 latitudine

439 1282 496 1329 ad
521 1292 843 1328 tenementum
868 1281 1093 1328 heredum
1135 1280 1328 1328 Walteri
1354 1281 1517 1327 Acrise
1543 1297 1705 1327 versus
1728 1281 1886 1338 south,
1923 1291 1969 1327 et
1994 1281 2050 1327 ad

441 1349 730 1413 mesuagium
756 1346 925 1412 prefati
954 1348 1139 1395 Ricardi
1167 1348 1306 1411 Petyt
1332 1365 1492 1394 versus
1517 1348 1673 1406 north,
1690 1364 1832 1412 quam
1858 1348 2052 1412 quidem

441 1417 643 1480 placeam
681 1432 787 1462 cum
824 1415 1120 1479 pertinenciis
1155 1416 1249 1461 suis
1283 1416 1480 1479 predicti
1506 1415 1666 1462 Abbas
1701 1426 1746 1461 et
1773 1414 2053 1462 Conventus

438 1484 679 1548 quondam
700 1483 1045 1547 perquisierunt
1064 1483 1121 1529 de
1139 1483 1329 1547 Rogero
1347 1483 1405 1529 de
1424 1483 1811 1547 Sketmansteghe
1827 1493 1873 1529 et
1892 1493 2053 1546 postea

440 1551 739 1598 tradiderunt
763 1561 810 1597 et
836 1561 1159 1597 concesserunt
1194 1550 1382 1596 Thome
1409 1550 1628 1614 Bonquer
1653 1560 1705 1596 ut
1742 1549 1876 1613 plene
1901 1549 2051 1614 liquet

439 1635 520 1681 per
555 1618 824 1665 indenturas
864 1617 974 1665 inde
1010 1616 1168 1676 factas,
1205 1633 1346 1682 quam
1381 1617 1524 1664 eciam
1560 1617 1763 1680 placeam
1801 1633 1910 1664 cum
1945 1633 2053 1681 per·-

439 1686 653 1732 tinenciis
693 1685 790 1731 suis
832 1683 1014 1748 prefato
1051 1685 1253 1731 Ricardo
1289 1684 1431 1747 Petyt
1472 1695 1518 1731 et
1552 1684 1765 1745 Johanne
1800 1683 1933 1732 uxori
1971 1700 2051 1731 sue

441 1764 766 1800 concesserunt
823 1764 869 1798 et
928 1769 1009 1816 per
1078 1768 1266 1815 presens
1323 1752 1550 1815 scriptum
1621 1751 2048 1799 confirmaverunt:

440 1820 636 1867 habend‘
684 1831 730 1866 et
778 1819 965 1866 tenend'
1013 1829 1162 1866 totam
1210 1819 1468 1883 predictam
1527 1818 1730 1882 placeam
1778 1829 1898 1866 terre
1944 1835 2050 1866 cum

439 1888 663 1934 domibus
705 1887 851 1933 muris
887 1897 932 1933 et
973 1886 1217 1933 arboribus
1252 1887 1451 1950 desuper
1483 1886 1714 1934 stantibus
1749 1897 1796 1933 et
1831 1886 2051 1934 omnibus

440 1955 538 2001 aliis
563 1954 861 2018 pertinenciis
886 1954 979 2000 suis
1003 1952 1185 2017 prefato
1212 1954 1415 2001 Ricardo
1441 1953 1580 2017 Petyt
1609 1964 1655 2001 et
1679 1953 1891 2014 Johanne
1917 1953 2049 2001 uxori

441 2040 520 2069 sue
568 2022 814 2069 heredibus
851 2031 897 2067 et
933 2021 1171 2085 assignatis
1206 2020 1373 2085 prefati
1417 2021 1603 2068 Ricardi
1639 2021 1781 2084 Petyt
1821 2021 1879 2069 de
1913 2021 2051 2069 dictis

441 2089 624 2136 Abbate
661 2100 707 2136 et
750 2089 1003 2136 Conventu
1050 2099 1097 2135 et
1137 2088 1478 2135 successoribus
1524 2088 1619 2135 suis
1666 2088 2046 2153 imperpetuum:

441 2156 664 2204 reddend‘
691 2157 798 2203 inde
835 2156 1074 2202 annuatim
1105 2172 1244 2219 super
1272 2156 1445 2203 dictam
1478 2155 1682 2219 placeam
1715 2156 2051 2220 prenominatis

442 2224 617 2271 Abbati
656 2235 702 2270 et
745 2223 1012 2270 Conventui
1054 2235 1099 2269 et
1137 2239 1299 2270 eorum
1342 2223 1679 2270 successoribus
1717 2223 1837 2270 duos
1877 2223 2052 2271 solidos

442 2291 780 2355 sterlingorum
806 2290 936 2337 liberi
975 2291 1202 2348 redditus,
1226 2290 1442 2337 videlicet
1467 2291 1522 2337 ad
1552 2290 1773 2337 Pascham
1798 2290 2050 2338 duodecim

441 2359 669 2416 denarios,
695 2369 740 2404 et
776 2358 832 2405 ad
860 2357 1048 2404 Festum
1089 2357 1238 2405 Sancti
1283 2357 1502 2404 Michelis
1537 2357 1785 2404 duodecim
1824 2358 2050 2414 denarios

442 2444 528 2489 pro
552 2425 767 2472 omnibus
791 2424 995 2472 serviciis
1019 2425 1154 2472 dictis
1191 2424 1365 2471 Abbati
1403 2436 1448 2471 et
1474 2424 1740 2472 Conventui
1765 2424 1934 2473 debitis
1956 2443 1965 2471 ι
2004 2436 2050 2473 et

442 2493 638 2540 faciend’
666 2510 751 2555 pro
794 2492 1012 2555 predictis
1049 2492 1231 2539 Abbate
1268 2503 1311 2538 et
1355 2491 1603 2539 Conventu
1642 2492 1898 2540 secundum
1938 2509 2049 2539 con-

441 2560 737 2607 suetudinem
766 2560 940 2606 Portus
960 2560 1175 2606 Dovorre
1199 2559 1444 2605 servicium
1465 2559 1645 2606 domini
1669 2559 1809 2624 Regis
1828 2559 2050 2624 quociens

441 2629 678 2674 evenerit:
734 2638 779 2673 et
837 2627 1010 2673 sciend‘
1049 2638 1116 2673 est
1158 2626 1286 2690 quod
1339 2627 1762 2690 quocienscumque
1815 2626 2051 2690 predictus

441 2694 650 2743 redditus
674 2695 874 2740 duorum
901 2694 1161 2740 solidorum
1186 2693 1281 2740 suis
1315 2694 1522 2740 terminis
1557 2711 1651 2741 non
1689 2692 1828 2741 fuerit
1853 2694 2049 2750 solutus,

443 2761 596 2808 licebit
624 2761 814 2825 prefatis
841 2760 1013 2807 Abbati
1040 2772 1084 2807 et
1113 2761 1381 2807 Conventui
1409 2772 1453 2807 et
1490 2761 1827 2808 successoribus
1851 2761 1946 2808 suis
1971 2779 2050 2825 per
