2192 3342
433 230 494 276 24
910 216 1142 265 DovER
1179 216 1546 265 CHARTERS

1159 414 1216 466 X
1237 415 1259 465 1
1280 415 1319 466 1.

918 532 977 584 iiij
1009 532 1232 584 Augusti,
1266 541 1317 583 13
1347 531 1479 574 Edw.
1513 531 1546 574 1.

432 637 733 684 EDwARDus
786 635 859 683 dei
907 635 1060 701 gracia
1110 637 1210 682 Rex
1258 635 1448 700 Anglie,
1496 635 1734 683 Dominus
1791 634 2040 693 Hibernie,

433 705 545 750 Dux
607 703 880 768 Aquitanie,
935 702 1123 750 Dilecto
1195 703 1412 751 servienti
1482 702 1530 749 in
1595 702 1801 760 Christo,
1865 702 2039 750 Abbati

433 771 492 818 de
550 770 1164 818 ffaveresham—Salutem
1257 770 1333 817 Ex
1390 769 1579 834 querela
1637 770 1874 817 Baronum
1934 786 2043 817 nos-

435 849 619 886 trorum
689 838 748 885 de
822 836 1126 884 ffaveresham
1201 837 1462 902 accepimus
1542 836 1671 901 quod
1744 853 1842 895 vos,
1906 836 2043 902 juxta

434 905 668 969 quandam
703 904 1094 967 composicionem
1129 904 1312 951 dudum
1349 904 1470 951 inter
1504 921 1587 951 vos
1621 915 1667 951 et
1703 904 1829 969 ipsos
1863 903 2042 961 initam,

434 989 605 1047 ponere
673 971 878 1019 debeatis
945 989 1094 1018 unum
1153 971 1395 1018 hominem
1453 988 1508 1019 ex
1577 983 1705 1035 parte
1765 982 1917 1018 vestra
1983 972 2042 1019 ad

434 1039 668 1103 prisonam
706 1049 911 1085 nostram
946 1038 1122 1086 ibidem
1163 1039 1220 1086 ad
1257 1050 1473 1102 sumptus
1512 1049 1690 1086 vestros
1731 1037 2043 1095 custodiend',

437 1123 526 1153 una
550 1122 658 1152 cum
683 1105 888 1170 quodam
924 1105 1015 1154 alio
1046 1106 1236 1153 homine
1272 1123 1353 1170 per
1389 1105 1622 1169 predictos
1646 1106 1849 1153 Barones
1872 1105 1929 1152 ad
1954 1106 2042 1153 hoc

434 1173 721 1231 inveniend',
747 1190 830 1220 vos
853 1173 1093 1220 hominem
1116 1173 1319 1237 aliquem
1345 1173 1402 1220 ad
1428 1173 1515 1220 hoc
1540 1173 1748 1220 invenire
1773 1172 1892 1220 sicut
1916 1172 2044 1237 prius

434 1240 676 1287 invenistis
733 1240 1047 1287 contradicitis
1094 1240 1249 1287 minus
1297 1240 1441 1306 juste,
1489 1240 1545 1287 ad
1592 1256 1734 1304 grave
1780 1240 2041 1304 dampnum

433 1308 645 1371 ipsorum
692 1307 928 1354 Baronum
975 1318 1022 1354 et
1078 1318 1240 1354 contra
1297 1306 1689 1371 composicionem
1748 1307 2040 1370 predictam·

435 1375 539 1422 Nos
584 1374 879 1421 advertentes
924 1374 1053 1438 quod
1112 1375 1368 1438 periculum
1423 1390 1503 1449 per
1549 1372 1786 1421 defectum
1833 1374 2045 1422 custodie

435 1441 705 1515 hujusmodi
742 1452 895 1504 posset
931 1440 1102 1488 futuris
1137 1441 1471 1505 temporibus
1463 1440 1656 1488 iminere
1685 1441 1818 1488 vobis
1853 1441 2045 1488 manda-

436 1525 553 1566 muS,
589 1508 708 1555 sicut
745 1508 918 1571 pluries
958 1509 1296 1567 mandavimuS,
1340 1508 1535 1554 firmiter
1571 1508 1868 1573 injungentes
1913 1508 2043 1573 quod

436 1576 674 1623 hominem
733 1575 998 1638 predictum
1045 1576 1102 1623 ad
1150 1576 1407 1650 predictam
1466 1575 1702 1638 prisonam
1751 1575 2043 1623 custodiend’

435 1660 491 1689 ex
520 1653 648 1717 parte
674 1653 828 1689 vestra
853 1642 963 1706 poni
1001 1640 1192 1700 faciatiS,
1217 1642 1336 1690 sicut
1372 1642 1420 1689 id
1455 1641 1604 1690 facere
1639 1642 1818 1690 debetis
1851 1654 1898 1690 et
1932 1659 2046 1690 con-

437 1709 652 1757 suevistis
685 1709 820 1774 juxta
860 1710 1253 1773 composicionem
1296 1710 1552 1773 predictam
1587 1720 1633 1756 et
1661 1710 1797 1775 juxta
1832 1721 2045 1758 tenorem

437 1777 757 1840 predictorum
816 1777 1142 1824 mandatorum
1202 1788 1471 1824 nostrorum
1520 1776 1653 1823 vobis
1710 1776 1881 1840 pluries
1936 1778 2046 1826 inde

437 1843 739 1900 directorum,
767 1843 837 1890 Ita
861 1844 990 1907 quod
1026 1845 1210 1907 culpam
1248 1855 1448 1891 vestram
1485 1844 1532 1890 in
1570 1844 1652 1890 hac
1689 1855 1817 1908 parte
1852 1861 2045 1909 arguere

437 1911 605 1957 merito
647 1928 741 1957 non
775 1910 1040 1968 debeamuS,
1067 1911 1140 1958 vel
1175 1927 1257 1958 vos
1292 1911 1378 1975 ipsi
1415 1911 1514 1958 sitis
1549 1927 1705 1958 coram
1741 1911 1875 1958 nobis
1910 1929 1934 1958 a
1970 1912 2045 1959 die

436 1978 587 2024 Sancti
629 1977 876 2024 Michaelis
909 1977 1191 2042 ubicumque
1226 1988 1339 2025 tunc
1375 1977 1604 2025 fuerimus
1637 1978 1683 2025 in
1713 1979 1886 2042 Anglia
1911 1980 1958 2026 in
1983 1996 2043 2026 xv

436 2045 534 2092 dies
557 2045 613 2091 ad
638 2045 949 2108 respondend'
970 2044 1159 2108 prefatis
1184 2045 1440 2092 Baronibus
1465 2062 1607 2109 quare
1632 2061 1780 2092 unum
1805 2046 2044 2093 hominem

434 2112 492 2159 ad
528 2112 763 2175 prisonem
799 2112 1056 2175 predictam
1093 2112 1382 2160 custodiend'
1419 2129 1589 2176 ponere
1632 2129 1724 2159 non
1749 2113 1973 2171 debeatis,
1998 2125 2044 2161 et

435 2179 569 2226 nobis
593 2196 738 2243 quare
763 2180 980 2226 mandata
1005 2191 1162 2227 nostra
1186 2180 1361 2226 tociens
1385 2179 1521 2227 vobis
1545 2179 1652 2227 inde
1677 2180 1854 2228 directa
1876 2181 2042 2246 exequi

436 2246 799 2309 contempsistis,
824 2257 870 2294 et
895 2246 1098 2294 habeatis
1123 2247 1185 2293 ibi
1211 2247 1298 2294 hoc
1324 2247 1477 2294 breve.

535 2313 677 2360 Teste
713 2330 785 2359 me
821 2313 923 2376 ipso
957 2315 1079 2377 apud
1118 2314 1419 2362 Wolvemere
1455 2314 1542 2379 iiij0
1565 2313 1639 2362 die
1672 2315 1879 2379 Augusti
1921 2332 2045 2363 anno

435 2380 565 2445 regni
604 2381 748 2428 nostri
787 2380 932 2428 tercio
967 2381 1166 2429 decimo.

432 2850 561 2904 [185]
