2181 3155
388 228 414 276 3
423 211 482 275 56
866 207 1105 256 DovssR
1142 206 1514 255 CHARTERS

1114 339 1159 391 C
1178 340 1201 390 1
1219 339 1288 393 V.

759 469 867 498 xxx
896 455 1131 506 Octobris,
1161 466 1288 497 anno
1315 463 1343 497 2
1373 453 1506 497 Edw.
1534 453 1618 497 vl.

393 562 637 609 OMNIBUS
681 559 859 607 Christi
901 559 1116 606 fidelibus
1157 559 1214 605 ad
1256 573 1378 621 quos
1416 558 1505 604 hoc
1547 573 1734 632 presens
1774 555 2000 619 scriptum

394 627 672 692 pervenerit,
719 627 930 673 Thomas
979 624 1162 688 Moyle,
1210 624 1649 671 miles—Salutem
1696 623 1743 670 in
1785 623 1997 671 domino.

395 696 654 743 Noveriti
678 711 752 740 me
793 692 1027 756 prefatum
1068 692 1322 748 Thomam,
1365 703 1460 738 tarn
1501 708 1586 754 pro
1632 702 1755 738 certa
1808 689 2002 754 pecunie

393 779 577 809 summa
610 761 725 808 mihi
761 778 842 824 per
875 760 1137 821 Johannem
1175 758 1397 823 Deringe,
1429 758 1730 822 armigerum,
1770 757 1818 804 in
1856 756 2004 803 mani-

396 830 482 877 bus
506 829 620 876 meis
644 827 813 884 soluta,
832 844 972 891 quam
997 843 1084 890 pro
1109 826 1305 872 diversis
1329 825 1427 872 aliis
1452 824 1907 872 consideracionibus
1931 839 2004 870 me

397 894 713 951 moventibus,
739 894 934 950 dedisse,
960 894 1249 950 concessisse,
1270 892 1605 957 barganizasse‚
1625 904 1670 939 et
1690 892 1777 938 hoc
1802 890 2004 955 presenti

398 963 573 1027 scripto
614 978 735 1020 meo,
778 960 1041 1008 vendidisse
1082 971 1223 1024 atque
1269 959 1565 1006 confirmasse
1616 959 1768 1006 eidem
1802 957 2004 1020 Johanni

400 1030 624 1093 Deringe‚
651 1027 809 1076 omnia
832 1027 909 1074 illa
932 1038 1076 1074 terras
1099 1038 1146 1074 et
1170 1037 1435 1073 tenementa
1470 1043 1572 1073 mea
1606 1026 1818 1073 redditus
1852 1041 2006 1073 rever-

399 1097 552 1144 siones
575 1106 621 1142 et
645 1094 838 1142 servicia
861 1111 969 1141 curn
998 1093 1216 1141 omnibus
1251 1093 1345 1140 suis
1380 1093 1691 1157 pertinenciis,
1728 1110 1818 1157 que
1853 1108 2008 1156 quon-

401 1165 508 1212 dam
549 1162 742 1209 fuerunt
788 1162 939 1209 Marie
980 1161 1181 1224 Patvyn,
1224 1172 1270 1207 et
1316 1172 1475 1224 postea
1526 1160 1768 1225 cujusdam
1820 1160 2008 1206 Thome

404 1232 559 1294 Petyt‚
612 1246 762 1293 nuper
814 1229 871 1276 de
923 1230 1106 1287 Dovor,
1160 1226 1385 1283 defuncti,
1435 1239 1481 1274 et
1523 1244 1616 1292 que
1656 1243 1760 1302 ego,
1801 1225 2009 1290 prefatus

404 1299 630 1354 ThomaS,
667 1295 954 1360 conjunctim
990 1312 1096 1341 cum
1134 1294 1337 1341 Ricardo
1375 1294 1599 1359 Deringe,
1642 1294 1886 1358 armigero,
1910 1293 2007 1358 jam

404 1364 644 1439 defuncto,
688 1362 825 1409 habui
866 1379 923 1409 ex
962 1362 1090 1409 dono
1131 1373 1177 1408 et
1215 1361 1510 1408 concessione
1535 1361 1780 1426 cujusdam
1810 1359 2007 1407 Martini

407 1432 588 1480 ffoulke
624 1431 670 1477 in
706 1429 816 1476 villa
843 1429 901 1476 de
926 1429 1093 1476 Dovor
1117 1440 1163 1475 et
1187 1427 1480 1475 libertatibus
1504 1428 1730 1494 ejusdem,
1757 1444 1937 1474 necnon
1962 1427 2007 1473 in

405 1498 635 1573 parochiis
658 1497 716 1544 de
746 1496 1042 1560 Mongeham
1079 1506 1125 1542 et
1163 1495 1484 1570 Hougham‚
1475 1512 1523 1542 in
1549 1495 1791 1542 Comitatu
1818 1494 2008 1550 Kancie,

406 1584 487 1613 seu
511 1564 617 1612 alibi
643 1580 945 1628 quocumque
964 1563 1010 1608 in
1026 1562 1192 1609 eodem
1212 1562 1469 1609 comitatu:
1514 1562 1738 1609 HABEND'
1757 1573 1803 1609 et
1823 1560 2009 1609 tenend’

406 1632 564 1681 omnia
585 1643 633 1678 et
656 1629 839 1694 singula
862 1630 1070 1694 predicta
1094 1640 1236 1676 terras
1259 1640 1305 1676 et
1334 1640 1599 1676 tenementa
1623 1629 1835 1676 redditus
1858 1645 2011 1675 rever—

406 1701 560 1748 siones
582 1709 628 1745 et
651 1697 843 1744 servicia
865 1713 916 1744 ac
940 1707 1091 1743 cetera
1114 1696 1345 1771 premissa.
1359 1713 1466 1743 cum
1493 1697 1791 1759 pertinenciis
1832 1694 2013 1760 prefato

407 1766 612 1828 Johanni
648 1764 872 1828 Deriuge,
909 1763 1156 1810 heredibus
1190 1774 1235 1809 et
1264 1763 1506 1828 assignatis
1529 1764 1640 1820 suis,
1666 1764 1723 1810 ad
1749 1779 1885 1810 usum
1910 1779 2014 1826 per-

411 1846 610 1910 petuum
634 1831 845 1897 ejusdem
868 1830 1094 1892 Johannis
1119 1830 1343 1877 heredum
1378 1841 1424 1877 et
1460 1831 1797 1894 assignatorum
1821 1845 2014 1876 suorum

412 1902 776 1964 imperpetuum,
802 1899 860 1945 de
885 1897 1157 1961 capitalibus
1182 1897 1384 1944 dominis
1408 1896 1533 1944 feodi
1560 1897 1685 1943 illius
1710 1915 1791 1961 per
1825 1896 2017 1943 servicia

414 1968 522 2015 inde
568 1977 673 2013 ante
718 1965 874 2012 debita
919 1975 965 2011 et
1011 1964 1070 2011 de
1108 1964 1216 2028 jure
1263 1975 1511 2010 consueta:
1567 1964 1632 2011 Et
1670 1980 1774 2028 ego,
1812 1963 2017 2027 prefatus

414 2035 640 2090 Thomas,
676 2043 722 2078 et
759 2032 950 2078 heredes
985 2031 1073 2077 mei
1104 2030 1260 2077 omnia
1284 2031 1490 2094 predicta
1515 2043 1658 2077 terras
1682 2043 1727 2078 et
1753 2041 2018 2078 tenementa

415 2119 465 2149 ac
490 2112 637 2148 cetera
662 2099 883 2163 premissa
906 2114 1012 2144 cum
1038 2097 1335 2161 pertinenciis
1366 2096 1548 2161 prefato
1580 2098 1801 2158 Johanni,
1839 2097 2019 2144 heredi-

417 2169 502 2216 bus
536 2178 582 2214 et
618 2165 860 2229 assignatis
894 2165 1004 2222 suiS‚
1041 2176 1201 2211 contra
1236 2181 1397 2211 omnes
1434 2175 1596 2228 gentes
1620 2164 2019 2212 warantizabimus

416 2248 463 2284 et
520 2235 867 2298 imperpetuum
919 2230 1230 2278 defendemus
1279 2248 1360 2294 per
1409 2243 1653 2294 presentes.
1729 2232 2018 2279 Novenrns

423 2317 580 2350 εοῐΑΜ
608 2317 681 2347 me
706 2298 940 2363 prefatum
965 2297 1202 2344 Thomam
1234 2297 1415 2361 Moyle,
1454 2299 1667 2356 militem,
1698 2297 1858 2345 fecisse
1894 2297 2020 2345 ordi-

419 2385 547 2417 nasse
570 2379 617 2414 et
642 2368 688 2414 in
713 2367 816 2412 loco
841 2382 946 2412 meo
971 2365 1176 2429 posuisse
1214 2364 1408 2412 dilectos
1433 2366 1580 2412 mihi
1572 2384 1617 2412 in
1644 2365 1835 2414 Christo
1860 2364 2018 2412 Chris-

420 2435 626 2484 toferum
680 2431 938 2480 Rasshford
990 2443 1035 2478 et
1087 2432 1371 2494 Stephanum
1424 2433 1584 2495 Gyles,
1625 2450 1753 2480 meos
1793 2448 1929 2479 veros
1975 2442 2021 2479 et

420 2502 656 2580 legitimos
690 2510 956 2547 attornatus
991 2499 1047 2545 ad
1085 2498 1301 2555 intrand’,
1339 2499 1437 2546 vice
1474 2516 1588 2557 mea,
1618 2512 1663 2546 et
1690 2499 1877 2546 nomine
1902 2515 2021 2556 me0‚

423 2572 470 2618 in
509 2586 666 2616 omnia
701 2578 747 2614 et
785 2566 968 2629 singula
1007 2566 1228 2628 premissa
1266 2583 1372 2612 cum
1412 2567 1722 2629 pertinencii5‚
1762 2567 1818 2613 ad
1845 2581 2023 2629 posses-

423 2639 601 2684 sionem
643 2634 751 2680 inde
792 2633 1015 2696 capiend',
1056 2644 1101 2679 et
1145 2644 1251 2744 post
1293 2633 1560 2697 hujusmodi
1605 2633 1937 2697 possessionem
1975 2643 2022 2679 et

424 2704 636 2751 seisinam
677 2701 739 2747 sic
782 2717 863 2762 per
905 2699 1043 2762 ipsos,
1087 2716 1141 2744 ve
1200 2699 1397 2746 alterum
1433 2716 1613 2755 eorum,
1640 2701 1747 2746 inde
1772 2711 1952 2763 captam
1977 2709 2023 2745 et

426 2770 641 2824 habitam,
688 2766 855 2813 deinde
903 2782 989 2829 pro
1036 2782 1124 2823 me,
1169 2765 1267 2812 vice
1320 2782 1435 2822 mea,
1483 2778 1528 2812 et
1572 2766 1760 2813 nomine
1804 2781 1928 2820 meo,
1964 2764 2020 2811 ad
