2181 3155
430 224 444 253 1
460 211 515 267 78
902 209 1140 256 DOVER
1179 208 1549 255 CHARTERS

1132 339 1177 389 L
1195 339 1252 388 X
1272 338 1311 389 1.

897 455 960 506 xij
993 454 1226 504 Octobris,
1257 463 1284 504 3
1315 453 1435 496 Hen.
1466 453 1546 495 VI

422 556 704 604 HENRicus
757 558 830 605 dei
884 559 1031 623 gratia
1085 559 1185 605 Rex
1226 557 1414 622 Anglie,
1458 557 1662 613 ffrancie,
1703 568 1749 602 et
1793 557 2029 603 Dominus

421 623 685 681 Hibernie;
726 625 970 672 Universis
1003 637 1049 672 et
1086 625 1282 690 singulis
1318 624 1607 680 Admirallis,
1643 635 1688 670 et
1724 640 1887 671 eorum
1930 622 2030 670 loca

417 691 696 749 tenentibus,
743 693 1034 753 Justiciariis,
1084 692 1406 748 Custumariis,
1460 690 1746 739 Custodibus
1803 700 2028 754 portuum

420 758 558 805 maris
582 771 627 806 et
652 759 852 806 aliorum
877 761 1085 807 locorum
1117 760 1475 814 maritimorum,
1514 775 1692 805 necnon
1729 757 2026 805 Vicecomiti-

420 823 517 882 bus,
546 826 825 890 MajoribuS,
854 826 1199 884 Escaetoribus,
1226 825 1606 884 Constabulariis,
1629 825 1833 883 Ballivis,
1856 825 2031 872 Minis-

419 892 520 948 tris,
562 910 611 939 ac
651 893 752 940 aliis
792 893 1007 941 fidelibus
1047 905 1092 940 et
1133 893 1332 940 subditis
1372 893 1481 950 suis,
1525 892 1644 940 infra
1695 891 1930 939 libertates
1983 904 2028 939 et

419 970 561 1014 extra,
588 970 682 1006 tam
709 977 789 1024 per
814 971 984 1008 terram
1009 978 1149 1025 quam
1191 978 1272 1025 per
1309 978 1447 1019 mare,
1473 959 2025 1007 constitutis—Salutem.

520 1026 658 1084 Cum,
701 1028 821 1074 inter
861 1039 1032 1075 ceteras
1072 1028 1308 1075 libertates
1346 1039 1392 1076 et
1433 1027 1715 1093 quietancias
1769 1026 2030 1074 Bai-onibus

420 1093 646 1158 Quinque
683 1095 914 1142 Portuum
953 1106 1221 1142 nostrorum
1259 1112 1339 1159 per
1367 1108 1511 1142 cartas
1537 1094 1892 1159 progenitorum
1920 1111 2028 1141 nos-

418 1170 601 1208 trorum
641 1163 878 1226 quondam
923 1164 1108 1227 Regum
1151 1162 1323 1226 Anglie
1368 1179 1618 1220 concessas,
1659 1178 1926 1209 concessum
1967 1161 2028 1208 sit

418 1227 608 1285 eisdem,
645 1229 775 1293 quod
815 1229 900 1293 ipsi
934 1230 1080 1294 quieti
1106 1230 1197 1277 sint
1222 1231 1280 1277 de
1304 1229 1431 1277 omni
1458 1230 1721 1285 theoloneo,
1746 1240 1792 1275 et
1817 1228 1874 1275 de
1898 1229 2026 1276 omni

419 1297 772 1353 consuetudine,
803 1297 1035 1354 videlicet,
1071 1296 1127 1343 ab
1163 1297 1289 1343 omni
1327 1297 1533 1361 lastagio,
1572 1296 1773 1360 tallagio,
1805 1296 2026 1360 passagio,

420 1363 620 1427 cayagio,
650 1363 845 1428 rivagio,
870 1382 894 1410 a
920 1364 1157 1428 pontagio,
1183 1375 1229 1410 et
1254 1365 1381 1411 omni
1407 1381 1540 1421 wrec,
1565 1375 1611 1410 et
1636 1364 1693 1410 de
1730 1374 1827 1409 tota
1863 1363 2028 1410 vendi-

418 1446 566 1486 cione,
604 1431 765 1478 aehato
803 1431 989 1478 rechato
1025 1448 1125 1488 suo,
1166 1448 1245 1494 per
1285 1442 1431 1478 totam
1471 1442 1640 1477 terram
1679 1442 1724 1476 et
1750 1441 2026 1494 potestatem

420 1508 640 1554 nostram,
679 1515 786 1544 cum
824 1515 954 1545 socca
989 1510 1035 1544 et
1073 1515 1211 1555 sacca,
1251 1509 1297 1545 et
1336 1498 1435 1544 thol
1461 1509 1506 1545 et
1541 1498 1684 1554 them,
1709 1508 1754 1544 et
1780 1498 1907 1562 quod
1933 1498 2025 1545 sint

417 1563 613 1627 wrecfry
655 1576 701 1611 et
743 1564 961 1628 wittefry,
1006 1576 1051 1612 et
1093 1564 1341 1630 lestagefry
1382 1576 1426 1612 et
1468 1564 1757 1628 lovecopfry,
1800 1577 1845 1611 et
1886 1566 2024 1612 etiam

417 1631 545 1695 quod
587 1632 732 1696 quieti
773 1633 867 1679 sint
907 1633 965 1679 de
1005 1632 1141 1678 shiris
1181 1644 1228 1678 et
1269 1632 1538 1689 hundredis,
1581 1632 1643 1678 ita
1680 1631 1808 1696 quod
1847 1632 1882 1678 si
1920 1632 2026 1697 quis

417 1715 578 1745 versus
616 1698 720 1745 illos
757 1699 973 1763 placitare
1011 1699 1247 1746 voluerint
1285 1699 1371 1763 ipsi
1412 1717 1504 1746 non
1540 1699 1849 1763 respondeant
1876 1717 2024 1764 neque

418 1765 638 1828 placitent
663 1766 795 1813 aliter
820 1784 963 1831 quam
988 1766 1205 1830 placitare
1230 1766 1439 1813 solebant
1471 1778 1680 1829 tempore
1718 1766 1911 1814 Domini
1952 1767 2021 1814 H.

420 1833 575 1897 Regis,
613 1834 772 1896 proavi
809 1833 990 1881 domini
1028 1834 1104 1891 E.,
1143 1851 1290 1908 nuper
1329 1834 1473 1898 Regis
1497 1833 1684 1898 Anglie,
1712 1833 2025 1897 progenitoris

420 1901 584 1957 nostri,
609 1912 655 1947 et
680 1901 809 1964 quod
835 1901 1063 1948 habeant
1054 1918 1355 1948 invenciones
1378 1918 1480 1947 suas
1503 1901 1550 1947 in
1581 1901 1694 1947 mari
1719 1912 1765 1948 et
1801 1901 1849 1948 in
1886 1913 2022 1958 terra,

417 1978 463 2012 et
488 1967 617 2041 quod
642 1968 787 2032 quieti
812 1968 905 2015 sint
928 1969 986 2014 de
1011 1968 1230 2014 omnibus
1254 1968 1392 2015 rebus
1423 1968 1517 2014 suis
1540 1979 1586 2015 et
1609 1968 1667 2015 de
1692 1979 1796 2015 toto
1822 1981 2025 2017 mercato

416 2050 503 2080 suo
538 2035 656 2081 sicut
694 2035 838 2082 nostri
876 2035 1006 2082 liberi
1045 2035 1272 2093 homines,
1303 2046 1348 2082 et
1385 2036 1515 2099 quod
1553 2052 1645 2082 non
1672 2035 1888 2098 placitent
1915 2036 2020 2083 alibi

418 2101 503 2147 nisi
531 2101 607 2147 ubi
633 2102 881 2149 debuerint
914 2114 959 2149 et
983 2102 1205 2159 solebant,
1239 2102 1411 2148 scilicet
1453 2103 1576 2166 apud
1618 2102 1933 2166 Shepweyam,
1975 2114 2021 2150 et

416 2168 545 2232 quod
588 2168 743 2216 nullus
783 2186 860 2216 eos
901 2169 1070 2234 injuste
1111 2169 1342 2216 disturbet
1385 2187 1532 2234 neque
1575 2181 1833 2216 mercatum
1858 2188 2022 2218 eorum

416 2252 555 2298 super
594 2235 931 2283 forisfacturam
972 2248 1175 2283 nostram
1214 2237 1374 2284 deceni
1413 2236 1651 2292 librarum,
1689 2248 1735 2284 et
1773 2238 1900 2301 quod
1928 2255 2021 2285 non

416 2313 652 2365 ponantur
694 2303 740 2350 in
782 2304 931 2350 assisis
984 2304 1159 2365 Juratis
1202 2304 1273 2350 vel
1328 2303 1731 2368 recognicionibus
1787 2304 2023 2369 aliquibus

416 2371 592 2416 ratione
635 2370 859 2417 fot-insece
901 2382 1063 2417 tenure
1104 2388 1184 2418 sue
1236 2382 1397 2418 contra
1449 2372 1740 2418 voluntatem
1788 2388 1930 2427 suam,
1975 2384 2020 2419 et

414 2438 542 2501 quod
585 2454 746 2485 omnes
787 2438 851 2484 illi
894 2438 950 2484 de
992 2439 1200 2502 quinque
1242 2437 1488 2502 portubus,
1530 2450 1575 2485 et
1618 2438 1691 2485 alii
1734 2439 2019 2504 quicumque

413 2504 693 2552 advocantes
749 2522 795 2551 se
854 2506 910 2552 de
969 2505 1179 2552 libertate
1236 2506 1509 2561 eorundem,
1562 2518 1607 2552 et
1661 2506 1767 2552 inde
1818 2508 2020 2571 gaudere

414 2572 637 2631 volentes,
710 2572 1009 2619 contribuant
1080 2573 1135 2619 ad
1210 2572 1449 2636 navigium
1514 2584 1559 2619 et
1617 2572 1807 2620 servicia
1866 2586 2020 2620 nostra

415 2640 757 2687 manutenenda
813 2650 859 2686 et
917 2639 1123 2686 facienda
1178 2640 1234 2686 de
1287 2639 1506 2686 omnibus
1559 2639 1692 2686 bonis
1749 2652 1794 2686 et
1848 2641 2019 2688 catallis

411 2707 505 2752 suis
563 2717 657 2753 tam
716 2718 844 2753 extra
903 2707 1162 2753 libertatem
1222 2718 1446 2770 portuum
1507 2707 1823 2770 predictorum
1876 2725 2016 2772 quarn

411 2772 532 2820 infra
566 2773 888 2830 existentibu5‚
930 2785 975 2820 et
1017 2775 1072 2821 ad
1116 2774 1202 2820 hoc
1247 2774 1453 2838 Majores
1494 2785 1539 2820 et
1579 2775 1768 2835 Juratos
1792 2786 2015 2838 portuum

412 2841 742 2904 predictorum,
795 2852 841 2887 et
892 2841 1030 2888 etiam
1085 2858 1164 2904 per
1207 2841 1614 2888 Constabularium
1669 2842 1817 2889 Castri
1872 2842 2015 2890 nostri
