2192 3342
412 220 472 275 48
892 215 1124 264 DOVER
1160 214 1524 264 CHARTERS

1113 347 1310 402 XXI.

853 465 967 519 xxvj
1002 464 1191 518 Aprilis,
1226 464 1278 507 16
1309 464 1443 509 Edw.
1477 464 1564 509 111.

410 573 732 619 WJLLELMUS
758 571 934 628 GmBE,
960 570 1139 636 junior,
1173 581 1220 617 et
1260 570 1548 634 Margareta,
1591 586 1710 617 uxor
1747 569 1862 635 ejus,
1900 586 2016 634 que-

407 650 569 697 rentes,
616 649 862 702 opponunt
903 654 949 684 se
991 654 1150 684 versus
1188 637 1452 698 Johannem
1494 637 1648 700 Kenp,
1698 648 1745 684 et
1798 637 2015 693 Aliciam,

409 723 602 753 uxorem
644 707 757 771 ejus,
811 705 942 769 quod
983 715 1170 752 teneant
1211 705 1275 751 eis
1314 704 1680 753 convencionem
1725 704 1782 751 de
1831 704 2018 751 duobus

407 774 567 821 solidis
614 790 690 820 sex
737 772 936 819 denariis
983 782 1028 819 et
1087 788 1178 818 una
1233 771 1405 836 gallina
1461 771 1673 819 redditus
1731 771 2015 835 percipiend'

408 840 647 888 annuatim
690 840 746 886 de
788 856 878 886 una
920 838 1089 902 fforgia
1129 855 1270 904 quam
1312 839 1583 886 Willelmus
1631 839 1688 886 de
1742 838 2016 896 Kinartone,

409 907 550 966 faber,
577 917 703 953 tenet
728 905 847 953 infra
878 906 1138 953 libertatem
1174 905 1284 953 ville
1320 907 1539 954 Dovorre
1574 906 1621 952 in
1659 905 2016 954 Canonewarde.

412 974 611 1021 Predicti
662 973 896 1035 Johannes
947 984 994 1020 et
1045 972 1197 1020 Alicia
1248 972 1522 1020 summoniti
1578 973 1787 1030 veniunt,
1829 982 1892 1030 et,
1935 990 2017 1038 per

409 1041 662 1099 licenciam,
705 1040 974 1088 concordati
1015 1050 1126 1087 sunt
1166 1040 1252 1087 sub
1294 1041 1377 1088 hac
1425 1039 1591 1087 forma.

509 1108 620 1155 Hec
659 1118 728 1155 est
770 1107 920 1154 finalis
959 1107 1207 1155 concordia
1247 1105 1366 1155 facta
1406 1107 1453 1154 in
1493 1106 1635 1154 Curia
1667 1106 1848 1154 domini
1876 1106 2018 1172 Regis

411 1186 537 1223 tenta
561 1176 608 1222 in
633 1174 744 1222 villa
767 1176 985 1223 Dovorra
1008 1174 1085 1222 die
1103 1175 1282 1222 veneris
1302 1174 1513 1238 proxima
1537 1185 1641 1239 post
1667 1173 1839 1221 festum
1864 1174 2016 1222 Sancti

412 1243 564 1289 Marci
589 1242 891 1307 Evangeliste
926 1259 1049 1289 anno
1084 1242 1217 1307 regni
1246 1242 1388 1307 Regis
1422 1241 1661 1298 Edwardi,
1686 1241 1815 1289 tercii
1842 1241 2017 1306 Anglie

410 1321 514 1375 post
556 1321 880 1374 conquestum,
923 1320 1053 1356 sexto
1093 1310 1308 1356 decimo:
1348 1326 1504 1356 coram
1548 1309 1761 1369 Johanne
1810 1309 2016 1372 Monyn,

409 1389 521 1424 tunc
570 1377 756 1442 Majore
802 1377 1046 1434 Dovorre;
1082 1376 1352 1423 Alexandro
1394 1375 1610 1440 Hurtyn,
1652 1386 1764 1423 tunc
1806 1376 2017 1433 Ballivo;

412 1461 589 1492 necnon
613 1444 789 1505 Juratis
824 1454 871 1490 et
906 1444 1006 1491 aliis
1040 1443 1220 1492 domini
1259 1443 1399 1508 Regis
1435 1442 1652 1490 fidelibus
1675 1443 1885 1508 ejusdem
1911 1443 2018 1490 ville

410 1523 526 1558 tunc
573 1511 901 1576 congregati33
959 1511 1083 1558 inter
1133 1510 1430 1557 Willelmum
1483 1509 1636 1557 Gibbe
1680 1509 1919 1575 juniorem
1971 1521 2017 1558 et

413 1580 730 1643 Margaretam
788 1594 984 1625 uxorem
1045 1578 1144 1643 ejus
1201 1595 1257 1624 ex
1316 1594 1409 1624 una
1466 1587 1594 1641 parte
1651 1588 1913 1641 querentes,
1971 1588 2017 1625 et

408 1646 672 1707 Johannem
716 1646 853 1708 Kenp
894 1655 941 1692 et
982 1644 1182 1692 Aliciam
1223 1661 1418 1692 uxorem
1458 1643 1556 1709 ejus
1596 1661 1652 1690 ex
1696 1643 1837 1691 altera
1889 1656 2018 1708 parte

410 1712 739 1770 deforciantes,
761 1713 818 1760 de
836 1711 1022 1760 duobus
1043 1712 1203 1760 solidis
1220 1729 1300 1759 sex
1317 1712 1517 1760 denariis
1535 1723 1581 1759 et
1598 1728 1689 1758 una
1703 1711 1871 1775 gallina
1886 1711 2017 1759 liberi

410 1791 456 1827 et
482 1780 695 1843 perpetui
717 1779 928 1827 redditus
944 1779 1226 1843 percipiend’
1245 1779 1485 1826 annuatim
1501 1779 1558 1825 de
1573 1795 1664 1825 una
1684 1778 1852 1843 fforgia
1875 1796 2016 1843 quam

412 1847 683 1894 Willelmus
722 1847 780 1894 de
822 1846 1082 1894 Kinartone
1125 1846 1254 1894 faber
1295 1857 1422 1894 tenet
1464 1845 1585 1892 infra
1620 1845 1882 1893 libertatem
1908 1846 2017 1893 ville

412 1916 629 1961 Dovorre
697 1913 743 1959 in
814 1913 1190 1961 Canonewarde:
1255 1914 1379 1961 unde
1427 1912 1648 1976 placitum
1691 1914 2019 1961 convencionis

411 1981 754 2028 summonitum
790 1979 880 2027 fuit
933 1981 1055 2027 inter
1101 1981 1289 2028 eosdem
1331 1981 1377 2027 in
1420 1980 1544 2027 dicta
1585 1979 1740 2037 Curia,
1784 1980 2016 2038 videlicet,

411 2049 539 2113 quod
577 2048 770 2112 predicti
806 2048 1042 2108 Johannes
1076 2059 1121 2095 et
1155 2047 1309 2094 Alicia
1333 2058 1708 2112 recognoverunt
1733 2059 1887 2094 totum
1913 2065 2018 2112 pre-

411 2117 591 2163 dictum
630 2115 870 2162 redditum
907 2131 1002 2161 esse
1033 2115 1111 2179 jus
1149 2115 1356 2178 ipsorum
1394 2114 1624 2162 Willelmi
1665 2125 1711 2161 et
1750 2115 2018 2180 Margarete

411 2182 599 2230 tenend'
635 2192 680 2230 et
716 2182 913 2229 habend'
951 2182 1125 2229 eisdem
1148 2181 1394 2229 Willelmo
1417 2192 1463 2229 et
1490 2182 1758 2246 Margarete
1782 2193 1829 2229 et
1852 2199 2015 2230 eorum

412 2249 658 2297 heredibus
697 2259 743 2296 et
784 2249 1024 2313 assignatis
1057 2249 1166 2314 jure
1219 2249 1498 2296 hereditario
1550 2249 1914 2312 inperpetuum:
1970 2261 2016 2297 et

412 2316 607 2382 predicti
649 2326 975 2364 concesserunt
1017 2333 1103 2380 pro
1143 2333 1189 2363 se
1228 2327 1275 2363 et
1323 2316 1573 2363 heredibus
1624 2316 1718 2362 suis
1757 2316 1887 2380 quod
1929 2316 2015 2380 ipsi

411 2382 780 2431 warantizabunt
804 2393 959 2431 totum
985 2384 1248 2447 predictum
1275 2384 1513 2431 redditum
1535 2382 1754 2446 predictis
1774 2382 2017 2431 Willelmo

411 2463 457 2499 et
497 2452 765 2516 Margarete
794 2461 840 2498 et
864 2467 1029 2498 eorum
1056 2450 1303 2498 heredibus
1334 2461 1379 2498 et
1409 2451 1648 2515 assignatis
1671 2461 1831 2497 contra
1855 2467 2018 2499 omnes

411 2529 571 2583 gentes
601 2518 946 2582 inperpetuum.

413 2843 615 2910 [¹89-2]
