2181 3155
394 219 488 264 402
870 203 1116 251 DovER
1154 201 1518 249 CHARTERS

1069 334 1329 387 CXIX.

740 453 866 496 Ante
894 451 969 505 viij
1002 450 1311 503 Septembris,
1340 460 1368 502 3
1397 449 1662 493 Elizabeth.

399 555 520 604 Hac
558 555 810 604 indentura
834 566 1030 603 testatur
1067 555 1195 620 quod
1222 554 1480 602 Richardus
1515 552 1679 609 Gibbs,
1706 552 1867 618 Major
1897 552 2003 603 ville

398 634 445 670 et
475 634 656 686 ,portus
713 624 952 680 Dovorre,
1010 622 1249 670 Robertus
1318 621 1465 679 ffinet,
1526 619 1792 667 Winelmus
1861 619 2001 679 Calle,

399 689 670 737 Willelmus
716 690 986 755 Tydyman,
1028 706 1078 736 ac
1123 689 1360 750 Johannes
1416 688 1574 747 Allen,
1624 686 1840 734 custodes
1883 686 2005 736 dicte

398 756 522 815 ville,
551 757 834 804 unanimiter
858 773 1041 804 assensu
1065 767 1112 803 et
1137 773 1364 804 consensu
1397 772 1484 819 pro
1507 766 1552 802 et
1577 754 1624 801 in
1650 754 1839 801 nomine
1863 754 2004 803 totius

398 824 767 872 Communitatis
801 824 1011 889 ejusdem
1035 822 1145 871 ville
1180 823 1477 870 tradiderunt
1512 832 1840 868 concesserunt
1868 832 1915 868 et
1947 821 2004 870 ad

399 891 527 939 feodi
554 891 737 938 firmam
773 891 1055 937 dimiserunt
1079 888 1372 937 Christofero
1401 889 1548 947 Eliot,
1573 889 1631 936 de
1654 888 1766 936 villa
1791 899 1839 935 et
1866 899 2006 952 portu

402 958 626 1022 predicto,
685 958 872 1014 bocher,
920 975 1059 1004 unam
1118 974 1311 1004 vacuam
1358 956 1534 1021 peciam
1591 966 1712 1003 terre
1764 971 1871 1002 cum
1916 955 2006 1004 suis

404 1025 711 1090 pertinenciis,
733 1024 966 1090 jacentem
992 1036 1037 1071 et
1062 1024 1338 1071 existentem
1370 1022 1495 1070 infra
1518 1023 1807 1070 Libertatem
1830 1020 1940 1070 ville
1961 1031 2008 1071 et

404 1102 566 1156 portus
607 1091 803 1156 predicti
850 1091 898 1138 in
948 1092 1172 1138 Morrens
1218 1091 1411 1148 Warde,
1450 1091 1571 1137 inter
1611 1101 1783 1137 terram
1819 1088 2006 1137 domine

405 1159 579 1223 regine,
616 1169 827 1206 vocatam
863 1160 910 1204 A
937 1158 1210 1216 Millhouse‚
1248 1159 1392 1206 modo
1427 1158 1474 1204 in
1511 1158 1816 1221 occupacione
1850 1155 2006 1217 Jacobi

405 1226 582 1273 Smithe
629 1242 793 1273 versus
852 1226 1145 1282 northwest;
1204 1236 1250 1272 et
1308 1235 1631 1272 tenementum
1676 1235 1900 1272 vocatum
1944 1223 2011 1271 Le

405 1292 733 1339 Allmeshouse
772 1309 936 1341 versus
976 1292 1250 1349 southeast3
1300 1304 1346 1339 et
1386 1292 1583 1357 Regiam
1621 1302 1814 1338 stratam
1856 1305 2011 1338 versus

406 1360 671 1416 northeast3
719 1370 767 1406 et
807 1376 1104 1406 communem
1147 1358 1349 1406 vinelam
1387 1376 1549 1406 versus
1583 1359 1873 1414 southwest;
1921 1373 2010 1422 qua

406 1427 598 1491 quidem
623 1426 753 1491 pecia
771 1437 892 1473 terre
925 1427 1134 1474 continet
1158 1426 1205 1473 in
1234 1426 1531 1491 longitudine
1555 1425 1681 1491 xxvj.
1709 1425 1860 1490 pedeS,
1895 1435 1942 1472 et
1963 1424 2010 1472 in

407 1493 653 1541 latitudine
686 1493 742 1540 ad
776 1505 954 1557 partem
989 1493 1295 1540 ='“eborealem
1333 1493 1445 1559 xvij.
1473 1493 1627 1557 pedes,
1659 1504 1706 1539 et
1741 1492 1798 1539 ad
1835 1501 2012 1556 partem

409 1560 654 1608 australem
689 1559 770 1625 vij.
797 1561 968 1624 pedes:
1007 1560 1203 1608 habend’
1229 1572 1275 1608 et
1308 1560 1497 1608 tenend’
1535 1559 1792 1624 predictam
1825 1573 2011 1606 vacuam

410 1628 583 1691 peciam
610 1638 728 1674 terre
753 1644 861 1674 cum
886 1628 981 1674 suis
1012 1627 1312 1691 pertinenciis
1335 1625 1517 1691 prefato
1542 1625 1838 1674 Christofero
1868 1624 2011 1683 Eliot,

411 1694 657 1742 heredibus
686 1705 731 1741 et
756 1694 995 1759 assignatis
1023 1695 1133 1753 suiS,
1158 1705 1204 1741 et
1240 1695 1296 1742 ad
1322 1711 1460 1742 usum
1491 1694 1636 1758 ipsius
1660 1691 1939 1741 Christoferi
1966 1702 2012 1740 et

409 1762 633 1808 heredum
656 1772 701 1807 et
726 1761 1069 1825 assignatorum
1093 1778 1289 1808 suorum
1317 1778 1402 1826 pro
1427 1761 1630 1809 termino
1654 1760 1747 1827 xxj.
1768 1775 2012 1816 annorum,

409 1840 455 1875 et
520 1827 714 1875 ulterius
771 1828 829 1875 de
896 1828 989 1893 xxj.
1048 1845 1280 1876 annorum
1343 1828 1390 1875 in
1448 1828 1540 1894 xxj.
1599 1844 1844 1883 annorum,
1905 1836 2014 1874 tunc

411 1895 502 1960 xxj.
562 1896 872 1959 sequentium,
932 1912 1080 1959 usque
1149 1896 1195 1942 in
1253 1896 1393 1942 finem
1463 1895 1651 1942 termini
1709 1895 1767 1943 de
1812 1892 2011 1942 lioootix.

411 1979 642 2009 annorum
682 1962 1006 2025 proximorum
1047 1963 1341 2026 sequentium
1379 1974 1485 2026 post
1521 1963 1684 2010 datum
1731 1961 2013 2025 presentium

411 2028 611 2092 plenarie
635 2029 898 2091 complend’
923 2048 931 2076 :
959 2040 1005 2076 et
1030 2028 1224 2076 faciend’
1250 2030 1359 2076 inde
1377 2029 1623 2076 servicium
1650 2029 1839 2076 domine
1864 2038 2017 2075 nostre

413 2096 588 2160 Regine
612 2107 657 2141 et
684 2096 1024 2142 successoribus
1047 2096 1140 2143 suis
1162 2097 1416 2144 secundum
1436 2096 1823 2143 consuetudinem
1839 2095 1950 2142 ville
1971 2103 2017 2142 et

412 2174 575 2225 portus
615 2162 810 2225 predicti
848 2180 953 2209 cum
988 2163 1237 2210 acciderit:
1290 2175 1336 2210 et
1371 2163 1595 2211 reddend’
1637 2164 1745 2210 inde
1780 2161 2014 2210 annuatim

416 2229 590 2294 Majori
631 2229 752 2275 dicte
788 2229 898 2276 ville
945 2231 1026 2293 qui
1067 2247 1153 2294 pro
1194 2242 1405 2294 tempore
1448 2229 1620 2277 fuerint
1660 2242 1706 2277 et
1748 2228 2017 2276 custodibus

413 2296 621 2360 ejusdem
665 2296 710 2341 in
765 2294 886 2343 festo
928 2297 1285 2361 Assumpcionis
1327 2297 1456 2344 beate
1496 2298 1648 2344 Marie
1689 2296 1914 2361 Virginis,
1952 2310 2013 2342 vs.

415 2362 574 2426 legalis
615 2374 801 2409 monete
842 2363 1051 2427 Anglie:
1106 2375 1152 2411 et
1193 2364 1229 2410 si
1271 2364 1510 2429 contingat
1552 2364 1731 2411 dictum
1779 2361 2018 2410 annualem

416 2430 653 2476 redditum
695 2429 752 2475 de
798 2447 867 2477 vs.
917 2447 941 2476 a
987 2442 1114 2478 retro
1155 2429 1254 2477 fore
1296 2433 1418 2478 ultra
1459 2431 1711 2478 terminum
1760 2430 2016 2493 predictum

414 2513 495 2560 per
519 2496 629 2560 xiiij.
657 2496 754 2542 dies
778 2496 1034 2543 insolutum
1055 2498 1101 2544 in
1129 2510 1256 2560 parte
1282 2499 1354 2545 vel
1381 2499 1426 2544 in
1444 2510 1562 2556 tot0‚
1587 2510 1702 2545 tunc
1726 2497 1907 2544 licitum
1931 2494 2018 2543 erit

420 2563 591 2627 Majori
639 2573 685 2608 et
734 2563 1024 2611 Custodibus
1071 2566 1150 2628 qui
1198 2576 1310 2612 tunc
1369 2583 1456 2628 pro
1503 2577 1712 2628 tempore
1759 2563 1932 2611 fuerint
1971 2560 2017 2608 in

417 2630 670 2692 predictam
709 2630 882 2692 peciam
921 2642 1185 2678 terre-cum
1222 2632 1318 2677 suis
1355 2632 1663 2694 pertinenciiS,
1701 2631 1757 2678 ad
1795 2644 2020 2695 quorum-

416 2713 617 2760 cumque
654 2712 818 2743 manus
858 2698 1080 2755 evenerit,
1107 2699 1330 2745 reintrare
1365 2711 1409 2746 et
1447 2699 1631 2761 pacifice
1670 2698 1901 2762 possidere
1935 2693 2020 2743 sibi
