2181 3155
367 228 393 275 3
403 229 464 276 50
847 210 1086 258 DOVER
1123 208 1490 257 CHARTERS

363 357 485 393 terre
510 362 616 392 cum
638 343 937 408 pertinenciis
961 341 1144 406 prefato
1161 341 1423 389 Edmundo
1449 340 1623 404 Mody,
1649 339 1900 388 heredibus
1922 350 1970 388 et

362 412 604 477 assignatis
661 412 774 468 suis,
815 421 976 458 contra
1027 425 1191 458 omnes
1247 419 1410 474 gentes
1467 407 1874 456 warantizabimus
1922 418 1969 455 et

364 481 709 544 imperpetuum
741 477 1048 526 defendemus
1076 493 1158 541 per
1182 486 1435 540 presentes.

464 547 517 594 In
543 546 675 612 cujus
706 546 770 593 rei
803 544 1128 593 testimonium
1156 542 1233 590 uni
1267 543 1387 607 parti
1422 541 1561 607 hujus
1592 540 1820 606 presentis
1847 551 1972 589 carte

363 614 601 662 indentate
659 629 800 677 penes
846 610 1080 676 prefatum
1129 610 1442 657 Edmundum
1492 608 1648 672 Mody
1694 607 1971 670 remanenti,

363 698 611 729 commune
645 680 851 744 sigillum
898 679 1007 726 ville
1048 689 1095 724 et
1141 688 1308 741 portus
1352 676 1548 741 predicti
1586 687 1655 723 est
1700 692 1971 740 appensum,

362 749 492 797 alteri
530 764 641 794 vero
677 747 795 811 parti
823 763 962 811 penes
996 761 1080 793 nos
1116 743 1320 808 prefatos
1358 742 1611 808 Majorem‚
1641 742 1892 801 Custodes,
1922 754 1971 791 et

360 832 644 863 successores
691 813 963 871 remanenti,
1006 811 1213 876 prefatus
1248 810 1536 858 Edmundus
1571 810 1727 874 Mody
1759 809 1968 875 sigillum

361 900 501 930 suum
536 881 766 946 apposuit.

462 951 586 997 Data
622 948 767 995 tercio
803 948 878 995 die
913 945 1201 994 Novembris
1236 961 1360 992 anno
1395 943 1526 1009 regni
1563 943 1743 991 domini
1770 943 1970 992 Henrici
2036 976 2038 978 -

362 1016 515 1065 octavi
558 1015 632 1063 dei
674 1015 826 1080 gracia
857 1014 1047 1078 Anglie,
1087 1013 1294 1071 Francie,
1331 1023 1377 1059 et
1419 1010 1651 1059 Hibernie
1678 1012 1835 1077 Regis,
1862 1011 1969 1059 fidei
2044 1074 2046 1079 ,

361 1083 632 1142 defensoris,
679 1093 726 1129 et
778 1082 825 1128 in
876 1093 998 1129 terra
1041 1080 1248 1128 Ecclesie
1300 1079 1560 1144 Anglicane
1611 1089 1658 1125 et
1712 1078 1970 1126 Hibernice

361 1150 573 1216 Supremi
599 1149 777 1214 capitis,
802 1149 1037 1197 tricesimo
1060 1147 1241 1212 quinto.

465 1220 517 1266 In
541 1218 662 1265 dorso
681 1236 695 1264 :
721 1217 858 1264 Modo
886 1215 1072 1263 Thomas
1097 1215 1264 1272 Reade,
1290 1214 1406 1260 modo
1434 1214 1643 1277 Georgius
1673 1212 1803 1261 West.

365 2004 477 2069 [49]
