2181 3155
444 243 536 276 202
925 223 1164 272 DOVER
1203 221 1572 270 CHARTERS

442 371 599 407 nostra
624 358 807 422 speciali
833 357 1144 404 concessimus
1179 354 1370 418 prefatis
1409 354 1583 420 Majori
1620 365 1666 401 et
1706 351 2051 403 Communitati

439 429 562 476 dicte
602 426 709 474 ville
748 436 905 472 nostre
944 425 1161 471 Dovorre
1199 434 1245 470 et
1283 422 1629 469 successoribus
1668 422 1778 478 suis,
1811 420 1941 486 quod
1965 419 2051 482 ipsi

441 496 635 542 habeant
660 510 822 541 omnes
847 491 1124 539 franchesias
1149 490 1378 553 predictas
1401 490 1558 554 eisque
1581 489 1812 554 gaudeant
1835 499 1882 535 et
1920 497 2056 534 utan-

440 575 519 610 tur
537 562 672 628 juxta
698 562 810 618 vim,
837 572 1063 615 tenorem,
1083 569 1128 604 et
1154 557 1372 604 effectum
1396 557 1665 613 earundem,
1691 556 2053 619 imperpetuum,

440 631 614 694 absque
639 628 1025 682 contradiccione,
1060 626 1412 688 impedimento,
1440 625 1535 670 sive
1560 623 1802 670 obstaculo
1827 637 2059 687 quocum·

443 714 532 763 que
555 713 567 752 ;
593 708 638 743 et
664 696 791 760 quod
821 695 904 758 ipsi
932 695 1053 740 inter
1077 704 1122 739 et
1149 709 1289 756 super
1314 709 1360 738 se
1385 691 1496 738 tales
1525 692 1860 739 ordinaciones-
1877 689 2061 753 penales

445 765 603 830 quales
629 763 714 809 sibi
741 779 827 826 pro
851 762 1006 808 debita
1031 760 1358 807 observacione
1383 771 1428 805 et
1455 759 1668 806 custodia
1697 756 2059 804 franchesiarum

446 831 775 896 predictarum,
814 846 863 876 ac
903 828 1079 874 factura
1118 828 1306 874 navium
1346 843 1435 891 que
1486 826 1696 890 passagio
1746 825 1959 888 predicto
1997 824 2059 870 sic

447 900 565 946 fiunt
591 909 636 944 et
661 897 773 943 fient
798 907 850 942 ut
875 895 1036 942 eedem
1064 911 1201 941 naves
1226 895 1283 941 de
1309 911 1466 940 secura
1491 892 1602 940 forti
1629 910 1679 940 ac
1716 893 1837 939 bona
1873 891 2061 938 materia

447 978 493 1013 et
532 964 672 1021 fideli,
712 975 806 1010 tam
846 964 893 1009 in
932 962 1182 1008 maeremio
1219 973 1264 1008 et
1304 961 1428 1008 fideli
1469 978 1622 1024 opere,
1666 977 1809 1025 quam
1852 960 1897 1006 in
1923 974 2062 1021 opere

448 1033 600 1080 ferreo
638 1046 938 1095 quocumque
975 1047 1025 1076 ac
1067 1029 1287 1076 omnibus
1328 1029 1425 1075 aliis
1475 1028 1612 1074 rebus
1665 1028 1927 1074 necessariis
1977 1041 2063 1088 pro

449 1099 783 1148 fortificacione
827 1108 873 1144 et
924 1097 1167 1143 securitate
1221 1097 1409 1143 navium
1462 1096 1774 1158 predictarum
1828 1093 2063 1141 videbitur

453 1167 703 1215 necessarie
727 1176 772 1212 et
797 1175 1042 1228 oportune,
1071 1164 1193 1211 licite
1219 1163 1367 1210 facere
1397 1163 1592 1210 valeant.

555 1235 608 1281 In
635 1233 770 1299 cujus
795 1233 858 1279 rei
886 1232 1211 1278 testimonium
1238 1232 1318 1277 has
1342 1231 1519 1277 litteras
1545 1241 1725 1276 nostras
1742 1230 1839 1276 fieri
1867 1227 2064 1274 fecimus

452 1313 677 1366 patentes.

554 1369 697 1415 Teste
722 1384 795 1414 me
821 1367 922 1430 ipso
946 1367 1069 1429 apud
1097 1365 1298 1430 Redyng
1322 1365 1505 1412 decimo
1541 1381 1667 1411 nono
1702 1365 1777 1411 die
1815 1362 2065 1420 ffebruarii,

454 1454 576 1484 anno
601 1436 733 1499 regni
759 1435 906 1481 nostri
932 1434 1115 1480 decimo
1144 1444 1325 1479 octavo.

562 1504 671 1567 [Per
694 1503 821 1548 breve
845 1503 896 1548 de
912 1503 1095 1562 privato
1120 1499 1545 1563 sigillo—Louthe.]

473 2249 583 2314 [ιὸ]
