2181 3155
432 226 525 285 388
912 221 1144 269 DOVER
1181 220 1548 269 CHARTERS

1095 397 1140 448 C
1162 397 1261 447 XI
1287 397 1309 447 1
1331 397 1374 451 Ῑ.

665 513 710 567 iij
741 513 1050 566 Septembris,
1081 512 1221 555 annis
1247 522 1275 565 4
1302 515 1351 556 et
1379 519 1406 564 5
1436 511 1555 554 Phil.
1587 515 1635 555 et
1666 511 1788 554 Mar.

434 615 552 664 Hac
603 616 926 674 INDENTURA,
969 618 1193 663 Testatur
1232 617 1363 679 quod
1409 616 1617 662 Adriane
1658 615 1842 671 White,
1880 614 2039 681 Major
2113 614 2116 619 ’

432 684 545 730 ville
591 695 637 730 et
673 696 837 747 portus
878 683 1107 739 Dovorie,
1155 683 1202 728 in
1253 682 1496 729 Comitatu
1550 682 1740 739 Kancie‚
1781 682 2038 745 Stephanus
2112 674 2116 732 f

432 750 729 807 Andersone,
786 751 1022 811 Johannes
1090 749 1316 813 Gnaipps,
1387 750 1600 796 Thomas
1669 749 1924 806 Androwe,
1990 760 2037 797 et
2110 740 2115 752 ¹

433 817 661 864 Ricardus
703 817 895 881 Mylles,
944 817 1177 864 Custodes
1208 817 1329 862 dicte
1366 816 1488 874 ville,
1526 816 1733 863 unanimi
1772 832 1956 862 assensu
1992 826 2038 865 et
2109 846 2115 863 .

432 884 701 931 *consensu
743 884 894 931 tocius
936 883 1306 930 Communitatis
1344 883 1554 948 ejusdem
1591 883 1903 939 tradiderunt,
1929 898 2037 930 con·

433 963 685 1008 cesserunt,
710 962 755 997 et
781 951 838 998 ad
864 950 990 997 feodi
1016 951 1199 997 firmam
1224 950 1503 997 dimiserunt
1541 950 1801 997 Edmundo
1836 949 2035 1008 Whitte,

434 1018 543 1064 ville
568 1018 777 1065 Dovorie
802 1017 1025 1081 predicte,
1042 1034 1252 1080 yeoman,
1281 1028 1437 1064 totum
1462 1017 1579 1064 illud
1606 1028 1820 1064 nostrum
1841 1033 2036 1080 parvum
2108 1050 2113 1077 :

432 1096 756 1132 tenementum
796 1085 843 1131 in
891 1101 987 1149 quo
1032 1084 1224 1148 quidem
1268 1084 1506 1144 Johannes
1547 1085 1846 1141 Lawraunce,
1875 1082 2035 1146 tayler‚
2108 1088 2112 1146 j

432 1152 575 1199 modo
621 1151 864 1209 inhabitat,
902 1152 1168 1210 scituatum‚
1204 1151 1455 1216 jacentem,
1503 1162 1549 1198 et
1595 1152 1870 1198 existentem
1917 1148 2037 1198 infra
2108 1195 2111 1206 ,

431 1219 456 1243 *
472 1219 736 1266 libartatem
761 1218 870 1265 ville
890 1218 1102 1265 Dovorie
1121 1218 1343 1281 predicte,
1364 1218 1484 1264 inter
1510 1229 1760 1281 partucum
1791 1216 2034 1282 messuagii
2106 1227 2111 1282 J

430 1286 628 1349 predicti
651 1285 677 1311 *
693 1285 910 1332 Adriani-1
936 1302 1094 1332 versus
1118 1297 1226 1342 east,
1251 1296 1297 1332 et
1322 1297 1570 1348 partucum
1607 1285 1648 1331 le
1679 1285 1816 1332 seller
1841 1284 2033 1348 predicti
2106 1283 2110 1310 ³

431 1352 690 1399 *Adrianu
715 1353 901 1399 Whitte
944 1369 1101 1399 versus
1125 1363 1276 1411 weast,
1304 1364 1387 1400 etc.
1462 1352 1706 1398 HABEND’
1735 1367 1793 1398 ET
1819 1350 2035 1398 ‘fanano’
2105 1381 2110 1398 .

434 1420 698 1483 predictum
755 1419 1083 1483 *parvumum
1130 1430 1452 1466 tenementum
1509 1435 1619 1465 cum
1676 1418 1896 1466 omnibus
1940 1417 2036 1465 suis
2105 1431 2109 1438 ·

431 1486 724 1550 pertinentiis
748 1485 930 1549 prefato
953 1485 1214 1533 Edmundo
1238 1486 1439 1542 Whitte,
1458 1485 1706 1532 heredibus
1729 1498 1774 1532 et
1799 1484 2037 1550 assignatis
2105 1501 2107 1507 ·

431 1554 542 1612 suis,
591 1571 616 1600 a
656 1552 777 1600 festo
817 1552 1172 1616 Assumptionis
1220 1552 1350 1600 beate
1401 1552 1555 1599 Marie
1601 1552 1810 1617 Virginis
1867 1551 2037 1600 ultimo

431 1620 656 1684 preterito
693 1631 798 1667 ante
839 1620 1004 1666 datum
1034 1620 1321 1683 presentium
1369 1620 1426 1667 de
1472 1635 1595 1666 anno
1631 1619 1678 1666 in
1725 1635 1898 1665 annum
1940 1633 2035 1666 uno
2103 1628 2106 1647 ff

432 1698 537 1751 post
562 1686 765 1733 *allium
790 1703 937 1751 usque
960 1686 1017 1733 ad
1043 1686 1183 1733 finem
1207 1697 1254 1733 et
1290 1686 1543 1733 terminum
1572 1686 1783 1732 lxxxxix⁰
1806 1701 2033 1732 annorum
2104 1700 2105 1705 ¹

432 1765 602 1801 extunc
638 1754 963 1817 proximorum
1001 1753 1294 1817 sequentium
1342 1753 1456 1800 adeo
1492 1753 1693 1815 plenarie
1740 1752 2031 1816 complend’:
2101 1792 2107 1807 ,

435 1821 644 1868 ffaciend'
682 1821 791 1867 inde
837 1820 1084 1866 servicium
1133 1821 1438 1867 dominorum
1487 1820 1628 1883 Regis
1672 1831 1718 1866 et
1767 1820 1946 1884 Regine
1990 1828 2037 1866 et

431 1887 772 1934 successoribus
807 1888 901 1934 suis
936 1888 1195 1934 secundum
1231 1887 1619 1934 consuetudinem
1649 1886 1758 1933 ville
1792 1899 1838 1934 et
1874 1897 2036 1949 portus
2102 1898 2105 1936 ἶ

432 1955 641 2002 Dovorie
676 1971 783 2001 cum
819 1954 1066 2001 acciderit:
1106 1970 1155 2000 ac
1191 1954 1331 2001 etiam
1369 1953 1560 2001 redend’
1596 1965 1641 2000 et
1677 1954 1889 2000 solvend’
1927 1952 2034 2000 inde
2100 1980 2103 2008 ;

431 2022 672 2068 annuatim
734 2021 908 2085 Majori
967 2032 1013 2067 et
1072 2020 1360 2067 Custodibus
1428 2021 1551 2068 dicte
1614 2021 1725 2067 ville
1783 2021 1863 2084 qui
1922 2031 2033 2066 tunc
2099 2038 2103 2061 τ

433 2105 518 2151 pro
554 2100 764 2151 tempore
799 2087 1034 2134 *fuerunt
1070 2087 1117 2133 in
1155 2086 1276 2134 festo
1316 2087 1670 2151 Assumptionis
1712 2087 1840 2134 beate
1885 2085 2035 2135 Marie
2099 2103 2102 2130 z

432 2155 639 2218 Virginis
664 2155 754 2201 vid.
793 2171 880 2217 pro
917 2153 1157 2200 *annualli
1197 2154 1406 2201 redittu:
1458 2166 1503 2201 et
1541 2154 1577 2200 si
1625 2154 1863 2218 contingat
1903 2152 2033 2218 quod

430 2222 610 2269 dictum
657 2222 902 2268 annualem
957 2221 1194 2267 redditum
1243 2222 1300 2268 de
1347 2238 1425 2267 sex
1465 2221 1719 2267 *denarios
1759 2222 1816 2268 ad
1864 2219 2033 2267 festum

432 2289 697 2352 predictum
755 2305 850 2352 quo
895 2288 1013 2334 solvi
1072 2287 1237 2334 debeat
1284 2299 1463 2334 arretro
1499 2287 1615 2334 ffore
1673 2288 1719 2334 in
1767 2298 1897 2351 parte
1942 2284 2034 2335 vell
2097 2295 2100 2324 ἐ

432 2356 478 2402 in
504 2366 606 2403 toto
631 2355 753 2402 ultra
789 2355 1039 2401 terminum
1066 2354 1330 2418 predictum
1357 2371 1437 2418 per
1472 2354 1675 2417 spacium
1701 2363 1810 2402 xvern
1834 2354 2033 2411 dierum,
2096 2375 2099 2406 ς
2156 2375 2158 2378 ’

430 2434 543 2470 tunc
601 2422 783 2469 licitum
830 2421 917 2468 erit
966 2421 1140 2486 Majori
1199 2433 1244 2468 et
1303 2422 1592 2469 Custodibus
1650 2422 1759 2468 ville
1816 2421 2031 2484 predicte,

431 2491 513 2553 qui
552 2500 664 2535 tunc
702 2505 788 2551 pro
828 2500 1038 2551 tempore
1078 2487 1282 2544 fuerunt,
1325 2488 1371 2534 in
1415 2489 1677 2551 predictum
1717 2498 2032 2535 tenementum
2094 2510 2098 2519 ·

431 2574 536 2603 cum
583 2556 801 2603 omnibus
847 2555 940 2601 suis
982 2555 1288 2618 pertinentiis,
1331 2555 1387 2602 ad
1429 2571 1836 2619 quorumcumque
1875 2568 2035 2601 manus

429 2623 651 2678 evenerit,
723 2623 958 2677 reintrare,
1019 2622 1251 2678 rehabere,
1327 2633 1373 2668 et
1420 2622 1664 2686 *paciffice
1722 2623 1923 2686 gaudere
1981 2629 2031 2667 ut
2092 2635 2096 2656 ¹

430 2691 476 2736 in
552 2701 676 2736 statu
747 2705 833 2735 suo
890 2688 1103 2752 pristino,
1163 2705 1211 2735 ac
1270 2688 1530 2751 predictum
1604 2688 1917 2736 Edmundum
1986 2696 2032 2734 et
2091 2718 2095 2729 ‹
