2192 3342
408 241 460 272 12
877 229 1108 276 DOVER
1146 227 1511 276 CHARTERS

1144 429 1255 480 VI.

398 552 592 598 Seiam·
617 563 851 616 presentes
875 563 919 599 et
946 551 1092 598 futuri
1119 551 1246 616 quod
1272 567 1361 615 ego
1387 550 1627 597 Henricus
1651 551 1693 597 le
1717 551 1844 598 Gold
1873 551 2001 599 Dedi

401 619 620 668 Concessi
653 631 699 666 et
739 620 821 666 hac
857 620 1058 682 presenti
1091 630 1214 665 carta
1247 635 1348 665 mea
1384 618 1658 666 confirmavi
1696 619 1922 682 magistro
1955 629 2003 665 et

398 685 620 733 fratribus
643 687 811 733 domus
834 687 907 733 dei
935 686 1143 733 Dovorie
1169 702 1306 732 unam
1334 685 1510 749 peciam
1536 697 1657 731 terre
1683 686 1729 731 in
1755 685 1866 732 villa
1883 686 1941 732 de
1960 686 2002 733 la

401 754 809 818 Riverejacentem
831 755 950 800 inter
968 766 1137 800 terram
1160 753 1287 800 Petri
1301 764 1374 799 ate
1394 753 1522 799 Lane
1541 769 1699 800 versus
1717 752 2001 817 aquilonem,

398 832 443 866 et
470 821 591 866 viam
616 838 706 884 que
730 821 860 868 ducit
884 821 940 866 ad
965 820 1201 867 ecclesiam
1227 820 1285 866 de
1310 819 1351 866 la
1378 819 1546 865 Rivere
1573 836 1733 867 versus
1752 822 2002 877 Austrum,

397 899 443 933 et
468 888 637 950 capitat
656 904 792 950 super
816 889 858 934 la
882 889 982 933 lane
1008 905 1098 951 que
1123 887 1253 934 ducit
1279 887 1324 933 in
1344 887 1670 934 descendendo
1687 887 1745 934 ad
1767 887 2002 951 Ripariam

398 970 559 1001 versus
583 955 887 1011 occidentem,
913 966 958 1000 et
983 956 1039 1001 ad
1066 966 1235 1001 terram
1261 953 1490 1000 Willelmi
1515 965 1588 1001 ate
1618 954 1818 1018 Fesighe
1842 971 2004 1001 versus

398 1021 623 1068 orientem
651 1040 659 1067 :
701 1021 918 1068 Habend'
944 1033 990 1068 et
1021 1022 1204 1068 tenend'
1230 1022 1402 1068 dictam
1428 1022 1603 1084 peciam
1627 1033 1748 1068 terre
1773 1038 1881 1068 cum
1910 1022 2005 1068 suis

399 1088 691 1150 pertinenciis
727 1089 945 1152 predictis
980 1089 1204 1153 magistro
1228 1100 1274 1135 et
1298 1087 1521 1135 fratribus
1545 1100 1590 1135 et
1615 1105 1779 1135 eorum
1803 1105 2004 1135 success-

398 1155 558 1201 oribus
603 1155 746 1201 libere
805 1156 984 1220 integre
1030 1168 1075 1202 et
1134 1157 1289 1220 quiete
1343 1156 1692 1219 imperpetuum
1716 1174 1724 1202 :
1787 1156 1852 1203 Et
1914 1173 2004 1220 ego

401 1222 639 1268 Henricus
662 1234 706 1268 et
734 1222 924 1269 heredes
949 1223 1036 1268 mei
1063 1235 1108 1270 et
1133 1223 1274 1270 etiam
1313 1222 1531 1287 assignati
1571 1222 2004 1270 Warentizabimus

398 1289 768 1354 acquietabimus
792 1301 836 1336 et
869 1289 1175 1337 defendemus
1209 1290 1382 1337 dictam
1422 1290 1597 1353 peciam
1624 1301 1746 1337 terre
1778 1307 1885 1337 cum
1911 1291 2005 1337 suis

399 1357 695 1420 pertinenciis
720 1356 940 1419 predictis
964 1357 1191 1420 magistro
1214 1369 1260 1404 et
1285 1356 1508 1404 fratribus
1532 1369 1577 1404 et
1602 1374 1766 1404 eorum
1803 1374 2003 1404 success·

398 1423 557 1470 oribus
590 1435 749 1470 contra
773 1440 934 1470 omnes
956 1437 1119 1488 gentes
1157 1425 1520 1488 imperpetuum.
1594 1425 1686 1471 Pro
1723 1425 1810 1471 hiis
1847 1437 2004 1472 autem

398 1490 653 1537 donacione
711 1491 1004 1537 concessione
1062 1502 1108 1538 et
1172 1492 1396 1555 presentis
1453 1504 1575 1539 carte
1645 1492 2004 1539 confirmacione

398 1558 627 1604 dederunt
654 1558 766 1603 mihi
792 1569 837 1604 et
864 1558 1054 1604 Isabelle
1078 1559 1211 1605 uxori
1234 1576 1333 1605 mee
1358 1559 1582 1623 quasdam
1608 1559 1857 1622 particulas
1882 1572 2003 1606 terre

399 1625 593 1688 predicti
620 1624 837 1688 magister
861 1636 906 1671 et
931 1624 1095 1672 fratres
1119 1638 1261 1689 prout
1285 1626 1552 1673 continetur
1577 1627 1623 1673 in
1649 1638 1769 1673 carta
1793 1627 2004 1690 ipsorum

399 1708 539 1755 quam
567 1691 672 1738 inde
699 1692 831 1737 nobis
854 1691 1062 1739 fecerunt
1089 1693 1134 1739 in
1167 1694 1466 1740 escambium.

501 1758 554 1803 In
593 1758 723 1823 cujus
765 1759 828 1804 rei
872 1760 1194 1807 testimonium
1237 1772 1498 1824 presentem
1537 1772 1707 1807 cartam
1745 1761 1885 1825 sigilli
1913 1762 2002 1808 mei

399 1825 701 1888 impressione
726 1825 958 1872 roboravi.

502 1892 613 1938 Hiis
649 1893 855 1948 testibus,
883 1893 1023 1939 Petro
1062 1894 1250 1940 Corbail
1274 1910 1286 1950 ;
1325 1894 1567 1940 Willelmo
1593 1895 1632 1940 le
1658 1895 1794 1941 Neue
1817 1911 1828 1949 ;
1866 1896 2003 1942 Dun-

398 1970 531 2005 stano
568 1959 625 2005 de
650 1959 858 2015 Scalare3
898 1960 1039 2007 Petro
1076 1972 1121 2007 at
1160 1962 1320 2016 Lane;
1358 1961 1593 2007 Absalone
1623 1961 1719 2008 filio
1741 1962 2003 2021 Johannis;

399 2026 584 2072 Simone
622 2026 696 2073 del
735 2027 828 2072 Bor
851 2043 863 2081 ;
914 2027 1126 2074 Gerardo
1164 2029 1221 2074 de
1260 2029 1301 2074 la
1341 2027 1490 2074 fforde
1513 2045 1524 2083 ;
1577 2028 1791 2075 Henrico
1830 2029 2004 2077 Harle-

400 2109 530 2156 wyne
553 2109 564 2148 ;
600 2093 810 2152 Johanne
840 2093 1018 2158 Trippe
1040 2111 1052 2150 ;
1084 2095 1297 2155 johanne
1323 2095 1363 2141 le
1388 2095 1645 2141 Alderman
1669 2113 1680 2151 ;
1721 2096 1920 2144 Ricardo
1945 2098 2003 2144 de

402 2160 664 2223 Coulingge
690 2161 857 2206 clerico
879 2177 890 2216 ;
927 2173 971 2207 et
997 2162 1108 2208 aliis.
1181 2163 1301 2208 Data
1327 2163 1549 2208 Dovoria.

401 2848 472 2901 [0]
