2181 3155
378 217 466 263 262
855 215 1084 262 DOVER
1122 214 1489 262 CHARTERS

971 416 1016 466 L
1033 415 1090 466 X
1109 415 1166 465 X
1185 415 1242 465 X
1262 415 1284 465 1
1306 415 1327 464 1
1350 415 1389 465 1.

798 534 840 586 vj
876 533 1187 586 Septembris,
1223 541 1273 585 14
1306 532 1436 574 Edw.
1474 531 1550 574 1V.

376 637 571 683 SclAN‘r
596 648 829 700 presentes
853 648 899 683 et
924 635 1073 683 futuri
1101 637 1228 700 quod
1254 651 1358 699 ego,
1392 635 1628 697 johannes
1662 634 1893 697 Turvyle,
1930 633 1987 680 de

378 705 607 760 Dovorra,
637 704 743 751 dedi
782 704 983 751 concessi
1020 716 1081 760 et,
1109 703 1190 750 hac
1215 703 1414 766 presenti
1436 714 1559 749 carta
1580 719 1694 758 mea,
1715 700 1986 748 confirmavi

378 771 544 828 Alicie,
585 771 718 817 uxori
758 788 872 829 mee,
914 787 1060 817 unum
1098 782 1418 818 tenementum
1456 786 1505 816 ac
1553 786 1699 815 unum
1737 768 1987 832 gardinum

378 838 529 885 eidem
559 849 828 884 tenemento
856 854 1086 884 annexum
1118 854 1223 884 cum
1254 838 1347 884 suis
1373 836 1670 901 pertinenciis
1686 836 1919 901 jacentem
1943 846 1988 881 et

377 905 652 952 existentem
690 903 809 951 infra
844 904 1105 952 libertatem
1144 905 1315 951 Portus
1352 905 1569 951 Dovorre
1606 905 1652 950 in
1694 902 1989 950 Bowreman-

379 972 530 1019 warde
554 984 599 1019 et
625 972 1009 1036 Georgyswarde,
1035 971 1157 1019 inter
1183 972 1378 1036 Regiam
1407 983 1597 1018 stratam
1635 987 1793 1017 versus
1828 969 1991 1016 south-

379 1050 465 1095 est,
508 1056 695 1086 murum
738 1039 845 1086 ville
885 1039 1155 1096 southwest‚
1197 1051 1367 1086 terram
1393 1039 1601 1103 magistri
1627 1050 1672 1084 et
1698 1036 1990 1084 confratrum

380 1107 550 1153 domus
573 1107 646 1153 dei
673 1107 889 1153 Dovorre
909 1123 1066 1152 versus
1088 1107 1359 1163 northwest,
1379 1118 1424 1153 et
1445 1122 1743 1152 communem
1764 1103 1990 1150 venellam

382 1190 539 1220 versus
565 1174 807 1220 northest:
848 1173 1044 1220 habend'
1070 1185 1115 1220 et
1149 1174 1334 1221 tenend‘
1373 1174 1635 1237 predictum
1672 1182 1990 1219 tenementum

381 1258 432 1288 ac
469 1241 718 1305 gardinum
757 1258 864 1287 cum
903 1241 998 1287 suis
1036 1241 1332 1304 pertinenciis
1369 1240 1547 1304 prefate
1572 1240 1724 1286 Alicie
1748 1239 1804 1285 ad
1830 1238 1993 1285 termi-

383 1325 495 1355 num
556 1309 649 1355 vite
707 1324 786 1354 sue
810 1327 818 1354 :
881 1307 1093 1355 ffaciend'
1158 1309 1265 1354 inde
1315 1308 1567 1354 servicium
1619 1306 1796 1354 domini
1853 1305 1993 1370 Regis

382 1375 637 1422 secundum
677 1375 1062 1423 consuetudinem
1101 1387 1266 1438 portus
1304 1376 1501 1439 predicti
1541 1391 1647 1421 cum
1672 1373 1909 1420 evenerit:
1948 1384 1994 1419 et

383 1459 471 1507 ego
496 1459 608 1489 vero
633 1442 870 1505 predictus
893 1443 1127 1504 Johannes
1151 1453 1197 1489 et
1224 1443 1414 1490 heredes
1449 1442 1538 1488 mei
1577 1441 1839 1506 predictum
1866 1452 1993 1486 tene-

385 1521 595 1556 mentum
621 1527 670 1556 ac
694 1510 942 1574 gardinum
969 1527 1075 1556 cum
1101 1510 1194 1556 suis
1227 1509 1525 1573 pertinenciis
1561 1507 1738 1572 prefate
1774 1507 1923 1554 Alicie
1947 1518 1991 1554 et

385 1577 626 1641 assignatis
648 1577 744 1624 suis
767 1576 963 1623 durante
989 1577 1084 1623 vita
1109 1577 1252 1641 ipsius
1278 1577 1428 1623 Alicie
1453 1589 1613 1624 contra
1637 1591 1799 1623 omnes
1834 1586 1997 1639 gentes

386 1644 806 1691 warantizabimus.

490 1712 541 1757 In
567 1711 700 1776 cujus
725 1712 787 1758 rei
814 1711 1134 1758 testimonium
1160 1711 1266 1757 huic
1299 1711 1498 1774 presenti
1525 1722 1647 1757 carte
1673 1727 1772 1756 mee
1791 1708 1995 1773 sigillum

389 1796 544 1824 meum
571 1778 779 1842 apposui.

490 1846 610 1892 Data
651 1845 773 1909 apud
818 1846 1082 1892 Dovorram
1125 1845 1379 1908 predictam
1422 1856 1554 1892 sexto
1599 1844 1672 1890 die
1716 1842 1999 1906 Septembris

389 1930 510 1958 anno
535 1929 681 1977 regno
707 1913 847 1976 Regis
873 1912 1109 1968 Edwardi,
1135 1913 1288 1977 quarti
1321 1924 1426 1976 post
1462 1922 1768 1976 conquestum
1807 1909 1996 1974 Anglie,

390 1991 558 2043 quarto
589 1980 787 2026 decimo.

493 2046 606 2093 Hiis
624 2046 818 2093 testibus
845 2066 852 2092 :
892 2046 1080 2092 Thoma
1102 2045 1335 2102 Hextalle,
1360 2058 1470 2093 tunc
1491 2046 1678 2111 Majore
1701 2061 1712 2100 ;
1750 2044 1995 2101 Nichoiao,

392 2112 573 2159 Ballivo
597 2130 608 2169 ;
671 2113 872 2159 Ricardo
931 2114 1139 2159 Palmere
1163 2130 1174 2169 3
1235 2113 1468 2160 Nicholao
1527 2114 1692 2175 Lewys
1717 2130 1728 2170 ;
1787 2112 1997 2172 Johanne

393 2179 563 2243 Tylare
587 2197 598 2235 ;
638 2181 836 2227 Ricardo
864 2181 1027 2226 Barow
1050 2197 1061 2234 ς
1098 2181 1311 2241 Johanne
1339 2181 1545 2228 Curdare
1570 2198 1581 2236 ;
1618 2192 1662 2227 et
1690 2178 1850 2225 multis
1886 2179 1997 2225 aliis.

400 2844 538 2907 [¹43]
