2181 3155
331 274 354 306 2
370 276 385 307 1
398 261 424 307 6
810 258 1049 306 DOVER
1086 256 1457 304 CHARTERS

331 391 492 438 modas
529 391 795 438 securitates
833 390 969 453 pacis,
1008 399 1114 436 ante
1151 388 1354 436 eundem
1383 405 1561 435 nonum
1595 388 1719 435 diem
1745 387 1933 452 Aprilis,

331 458 543 504 similiter
586 457 874 505 forisfactas:
931 457 1147 503 Aceciam
1200 456 1362 502 tercias
1401 466 1448 502 et
1490 456 1735 503 terciarum
1777 456 1938 502 tercias

329 525 711 572 omnimodorum
773 525 1138 589 prisonariorum
1189 524 1235 569 in
1280 539 1446 587 guerra
1491 534 1733 586 captorum
1791 522 1938 579 nobis,

329 593 456 640 dicto
496 610 622 639 nono
659 592 733 639 die
773 591 964 654 Aprilis,
1002 590 1403 655 qualitercumque
1439 589 1616 636 debitas
1657 591 1941 653 pertinentes

329 677 409 706 seu
443 671 702 724 spectantes
747 676 827 722 per
873 659 1060 705 eosdem
1111 657 1361 722 Majorem,
1409 657 1656 714 Ballivum,
1701 668 1747 703 et
1795 657 1940 704 Com-

331 727 642 782 munitatem;
698 743 875 772 necnon
930 725 1224 772 omnimodas
1273 725 1674 788 transgressiones,
1725 724 1938 779 offensas,

333 795 658 857 misprisiones,
685 803 996 856 contemthS,
1021 804 1066 839 et
1097 791 1416 855 impeticiones
1441 808 1522 855 per
1541 792 1667 854 ipsos
1689 791 1938 856 Majorem,

332 862 579 916 Ballivum,
628 871 674 906 et
724 860 1129 907 Communitatem
1180 870 1285 905 ante
1340 859 1518 906 dictum
1577 876 1754 905 nonum
1813 859 1938 905 diem

332 929 511 992 Aprilis
569 939 729 974 contra
787 926 987 974 formam
1034 938 1130 973 tam
1179 943 1588 991 quorumcumque
1638 937 1938 985 statutorum,

331 995 716 1052 ordinacionium,
755 1005 801 1040 et
845 994 1168 1057 provisionum
1216 1005 1320 1040 ante
1366 994 1543 1041 dictum
1588 1010 1764 1040 nonum
1815 994 1939 1040 diem

331 1063 525 1125 Aprilis,
551 1060 785 1108 factorum
813 1062 908 1107 sive
933 1062 1166 1108 editorum
1192 1061 1249 1107 de
1274 1061 1708 1125 perquisicionibus,
1733 1072 1941 1124 accepta-

331 1130 555 1184 cionibus,
610 1128 902 1183 leccionibus,
962 1128 1369 1192 publicacionibus,
1425 1127 1839 1185 notificacionibus,
1894 1140 1939 1174 et

331 1195 688 1243 execucionibus
762 1195 1133 1260 quibuscumque
1208 1212 1610 1259 quarumcumque
1677 1195 1939 1242 litterarum

330 1275 376 1311 et
435 1263 666 1310 bullarum
730 1264 1090 1326 apostolicarum
1155 1274 1260 1309 ante
1323 1263 1503 1309 dictum
1569 1279 1746 1309 nonum
1815 1263 1939 1308 diem

332 1331 526 1394 Aprilis,
562 1342 607 1377 et
643 1331 856 1377 omnium
892 1329 1087 1377 aliorum
1119 1340 1422 1387 statutorum,
1464 1330 1849 1386 ordinacionium,
1895 1342 1941 1376 et

333 1399 673 1462 provisionum,
713 1408 930 1460 pretextu
970 1414 1174 1461 quorum
1211 1397 1362 1460 aliqua
1403 1408 1524 1444 secta
1554 1413 1714 1444 versus
1751 1397 1939 1443 eosdem

335 1465 586 1530 Majorem,
625 1464 871 1524 Ballivum,
909 1476 954 1511 et
995 1464 1396 1511 Communitatem
1437 1481 1516 1527 per
1556 1463 1711 1510 billam
1753 1464 1823 1510 vel
1861 1481 1940 1527 per

333 1533 471 1579 breve
510 1533 567 1579 de
609 1532 875 1596 premunire
912 1530 1043 1588 facta,
1086 1548 1165 1578 seu
1203 1532 1294 1577 alio
1331 1532 1476 1578 modo
1515 1547 1828 1595 quocumque,
1855 1548 1942 1594 pro

333 1601 486 1663 aliqua
520 1600 709 1645 materia
740 1610 845 1645 ante
870 1600 1071 1646 eundem
1097 1615 1274 1645 nonum
1301 1599 1424 1645 diem
1449 1599 1627 1661 Aprilis
1653 1598 1750 1644 fieri
1778 1598 1938 1656 valeat,

333 1683 473 1730 quam
499 1682 908 1731 quorumcumque
943 1667 1139 1712 aliorum
1179 1677 1482 1722 statutorum,
1523 1663 1666 1713 factas
1703 1666 1799 1712 sive
1837 1683 1942 1730 per-

333 1745 547 1796 petratas,
591 1733 778 1780 statutis
817 1733 1196 1780 ordinacionibus
1241 1744 1286 1780 et
1328 1733 1673 1796 provisionibus
1713 1733 1805 1779 illis
1847 1750 1940 1780 non

334 1801 657 1847 obstantibus:
706 1800 924 1846 Aceciam
962 1800 1337 1864 pardonavimus,
1374 1801 1649 1856 remisimus,
1685 1811 1731 1846 et
1769 1802 1942 1848 relaxa-

334 1869 492 1914 vimus
530 1868 704 1915 eisdem
746 1867 937 1932 Majori,
977 1867 1170 1925 Ballivo,
1202 1879 1247 1914 et
1274 1867 1615 1914 Communitati
1641 1868 1942 1915 omnimodos

334 1936 462 1992 fines,
506 1935 767 2000 adjudicata
793 1936 1180 1991 -amerciamenta‚
1228 1936 1392 1992 exitus,
1439 1933 1716 1991 forisfactos,
1757 1935 1939 1992 relevia,

335 2002 553 2065 scutagia,
597 2019 646 2048 ac
678 2002 951 2048 omnimoda
988 2002 1159 2059 debita,
1192 2014 1426 2065 compota,
1464 2003 1669 2065 prestita,
1715 2003 1940 2067 arreragia

335 2070 576 2116 firmarum
601 2080 647 2115 et
671 2080 1003 2132 compotorum
1031 2069 1179 2126 nobis,
1203 2080 1308 2115 ante
1333 2070 1537 2133 primum
1568 2070 1691 2116 diem
1730 2070 1942 2133 Septem-

336 2137 429 2183 bris
467 2153 589 2182 anno
626 2135 756 2200 regni
799 2136 974 2182 nostri*
1000 2137 1234 2193 vicesimo,
1258 2137 1659 2200 qualitercumque
1697 2137 1852 2184 debita
1894 2148 1939 2183 et

336 2203 651 2266 pertinencia;
695 2219 873 2249 necnon
908 2204 1202 2250 omnimodas
1233 2204 1438 2250 acciones
1462 2214 1506 2250 et
1540 2204 1791 2251 demandas
1826 2221 1940 2268 quas

336 2287 421 2317 nos
459 2270 598 2327 solus,
643 2272 715 2317 vel
759 2287 843 2316 nos
880 2270 1180 2335 conjunctim,
1219 2287 1324 2316 cum
1363 2270 1462 2316 aliis
1499 2272 1707 2334 personis
1745 2271 1816 2318 vel
1855 2272 1940 2318 alia

337 2354 548 2401 persona,
608 2337 830 2384 habemus
887 2354 967 2384 seu
1029 2337 1193 2384 habere
1257 2339 1514 2401 poterimus
1587 2355 1745 2385 versus
1816 2339 1940 2401 ipsos

339 2404 590 2469 Majorem,
664 2404 910 2460 Ballivum,
982 2415 1026 2450 et
1101 2405 1502 2451 Communitatem
1568 2423 1654 2469 pro
1711 2405 1941 2469 aliquibus

337 2472 604 2536 hujusmodi
648 2472 832 2530 finibuS,
875 2472 1254 2533 amerciarnentis,
1296 2472 1512 2529 exitibus,
1555 2473 1752 2529 releviiS,
1790 2485 1940 2519 scuta-

335 2539 440 2603 giis,
466 2538 650 2597 debitis,
689 2539 933 2602 compotis,
967 2539 1187 2601 prestitiS,
1226 2551 1271 2585 et
1308 2540 1565 2604 arreragiiS,
1596 2551 1701 2586 ante
1737 2540 1937 2587 eundem

337 2607 542 2668 primurn
568 2606 642 2652 die
669 2605 964 2668 Septembris,
992 2606 1126 2653 nobis
1160 2606 1328 2653 debitis
1353 2623 1364 2662 ;
1401 2607 1594 2653 aceciam
1623 2606 1868 2671 utlagarias
1893 2607 1939 2653 in

336 2674 460 2736 ipsos
505 2673 755 2737 Majorem,
798 2673 1046 2732 Ballivum,
1088 2685 1133 2719 et
1181 2673 1580 2720 Communitatem
1625 2675 1939 2738 promulgatas

336 2757 422 2802 pro
459 2740 610 2803 aliqua
648 2757 888 2786 causarum
926 2740 1312 2802 supradictarum,
1351 2741 1638 2787 omnimodis
1677 2740 1845 2788 debitis
1892 2752 1937 2787 et

335 2808 566 2870 compotis
593 2807 725 2853 nobis
754 2807 922 2853 debitis
960 2819 1004 2853 et
1045 2808 1399 2870 pertinentibus,
1438 2825 1530 2872 que
1569 2809 1726 2873 vigore
1765 2808 1940 2854 littera-

1064 2890 1086 2911 *
1115 2902 1206 2940 ¹44¹
