2181 3155
382 249 475 295 344
860 231 1097 279 DOVER
1135 231 1504 279 CHARTERS

1140 431 1185 483 C
1205 431 1246 484 1.

837 547 955 602 xxiij
985 549 1130 600 Junii,
1160 557 1214 600 34
1245 548 1366 590 Hen.
1397 547 1531 590 VIII.

379 653 607 700 Pazsms
650 655 898 701 indentura
934 663 1129 700 testatur
1169 653 1299 717 quod
1340 652 1554 698 Thomas
1596 651 1784 716 ffoxley,
1830 652 1989 717 Major

379 720 485 767 ville
526 738 576 767 ac
610 721 784 768 Portus
817 720 1305 781 Dovorre,Johannes
1337 719 1527 782 Tayler,
1554 719 1790 767 Robertus
1818 720 1988 776 Geiles,

377 788 613 849 Johannes
659 788 825 844 Owen,
868 799 913 834 et
956 788 1179 833 Ricardus
1220 788 1399 843 Cooke,
1440 787 1674 833 Custodes
1715 787 1838 834 dicte
1881 787 1990 833 ville

380 855 585 901 unanimi
620 871 805 901 assensu
838 866 884 901 et
920 871 1150 901 concensu
1190 855 1341 900 tocius
1371 854 1738 900 Communitatis
1779 854 1988 918 ejusdem

379 921 503 978 ville,
530 922 823 969 tradiderunt
849 933 1174 968 concesserunt
1199 933 1244 968 et
1271 921 1326 967 ad
1353 919 1479 967 feodi
1507 921 1687 968 firmam
1713 922 1990 968 dimiserunt

382 989 593 1036 Roberto
621 989 786 1052 Upton
807 989 1041 1053 quandam
1067 990 1271 1052 placeam
1297 1000 1417 1034 terre
1442 1005 1547 1034 cum
1572 989 1666 1035 suis
1695 989 1991 1051 pertinenciis

371 1057 603 1121 jacentem
652 1056 773 1102 infra
818 1056 1080 1102 libertatem
1125 1056 1296 1102 Portus
1332 1056 1549 1102 Dovorre
1584 1056 1630 1101 in
1674 1054 1778 1119 [left
1821 1055 1986 1119 blank]

380 1123 546 1181 warde,
572 1124 692 1170 inter
719 1124 915 1188 Regiam
951 1135 1141 1169 stratam
1178 1140 1338 1169 versus
1374 1123 1648 1180 northwest,
1673 1135 1843 1169 terram
1876 1123 1990 1170 dicti

383 1190 575 1238 Roberti
615 1190 800 1254 Upton,
839 1191 1079 1254 quondam
1125 1190 1311 1238 Ricardi
1352 1189 1561 1247 Couche,
1599 1207 1656 1236 ex
1687 1190 1796 1254 jure
1830 1191 1990 1236 uxoris

378 1257 491 1322 ejuS,
536 1275 696 1304 versus
735 1259 875 1304 south
917 1257 1153 1304 southeast
1191 1269 1237 1304 et
1279 1269 1390 1303 west
1426 1258 1696 1314 southwest,
1736 1269 1783 1304 et
1818 1269 1988 1303 terram

380 1325 566 1372 Domus
608 1326 699 1371 Dei
744 1326 962 1372 Dovorre
1004 1326 1247 1371 northest:
1308 1324 1531 1370 HABEND'
1567 1335 1612 1370 et
1654 1324 1841 1371 tenend‘
1885 1341 1989 1387 pre-

379 1392 552 1439 dictam
578 1394 781 1455 placeam
807 1405 927 1439 terre
947 1409 1054 1438 cum
1079 1391 1180 1439 suis
1204 1390 1546 1456 p[ertinenciis]
1573 1390 1754 1455 prefato
1781 1391 1988 1438 Roberto

382 1459 567 1522 Upton,
602 1459 850 1507 heredibus
885 1471 930 1506 et
963 1458 1205 1523 assignatis
1237 1459 1332 1504 suis
1369 1458 1750 1522 imperpetuum:
1790 1457 1986 1506 faciend'

382 1527 490 1574 inde
548 1527 796 1574 servicium
856 1527 1036 1573 domini
1099 1526 1239 1590 Regis
1296 1526 1554 1573 secundum
1603 1526 1990 1572 consuetudinem

382 1605 548 1658 portus
573 1594 768 1658 predicti
806 1611 914 1641 cum
947 1593 1196 1640 acciderit:
1235 1593 1303 1656 e[t
1336 1593 1582 1656 red]dend’
1608 1593 1716 1639 inde
1750 1593 1990 1639 annuatim

385 1661 559 1726 Majori
584 1672 629 1707 et
656 1660 946 1708 Custodibus
973 1660 1183 1726 ejusdem
1209 1660 1318 1707 ville
1341 1661 1422 1724 qui
1461 1678 1547 1724 pro
1570 1671 1782 1723 tempore
1815 1659 1989 1707 fuerint

382 1746 428 1774 m
494 1728 632 1775 ffesto
693 1728 968 1776 Nativitatis
1027 1727 1177 1774 Sancti
1229 1727 1457 1788 Johannis
1521 1728 1729 1791 Baptiste
1789 1739 1991 1792 quatuor

382 1796 636 1859 [denarios]
662 1796 996 1860 sterlingorum
1021 1794 1230 1842 annualis
1255 1795 1497 1841 redditus:
1532 1806 1577 1841 et
1596 1794 1631 1840 si
1658 1794 1769 1842 dicti
1790 1806 1991 1859 quatuor

380 1863 555 1911 denarii
598 1863 808 1909 annualis
844 1863 1058 1910 redditus
1105 1872 1259 1908 aretro
1308 1860 1407 1908 fore
1457 1861 1742 1926 contigerint
1778 1862 1825 1907 in
1863 1874 1990 1924 parte

382 1930 454 1977 vel
488 1931 534 1976 in
567 1941 672 1977 toto
700 1930 857 1994 aliquo
891 1947 1014 1976 anno
1050 1929 1198 1992 [post]
1225 1929 1490 2004 predictum
1525 1928 1695 1975 festum
1727 1945 1809 1991 per
1842 1945 1988 1975 unum

381 1997 668 2062 quarterium
694 1998 800 2044 anni
826 1997 956 2062 quod
976 2009 1146 2044 extunc
1170 1996 1349 2043 licitum
1374 1997 1462 2042 erit
1492 1995 1710 2059 predictis
1742 1995 1918 2060 Majori
1942 2007 1989 2043 et

381 2064 672 2111 Custodibus
695 2081 744 2111 ac
768 2081 930 2111 eorum
967 2063 1306 2111 successoribus
1333 2063 1598 2128 Majoribus
1630 2075 1675 2109 et
1702 2063 1991 2110 Custodibus

381 2132 552 2196 [d]icte
578 2131 684 2178 ville
717 2132 799 2196 qui
838 2148 925 2195 pro
958 2142 1166 2194 tempore
1204 2129 1379 2177 fuerint
1411 2131 1457 2176 in
1492 2130 1749 2193 predictam
1786 2131 1988 2193 placeam

381 2212 501 2246 terre
540 2215 646 2244 cum
685 2199 780 2244 suis
818 2198 1130 2262 pertinenciis,
1169 2198 1225 2244 ad
1256 2214 1667 2261 quorumcumque
1706 2213 1870 2243 manus
1902 2197 1990 2243 im-

380 2277 622 2330 posterum
657 2266 880 2321 evenerit,
902 2282 987 2328 pro
1012 2277 1058 2312 et
1096 2265 1283 2312 nomine
1303 2264 1672 2311 Communitatis
1697 2265 1918 2310 reintrare
1942 2276 1987 2311 et

380 2334 506 2379 illam
559 2332 614 2379 ad
669 2349 789 2395 opus
844 2333 1102 2379 eorundem
1144 2331 1359 2379 rehabere
1411 2343 1457 2378 et
1513 2331 1697 2394 pacifice
1754 2331 1988 2394 possidere

380 2401 746 2464 imperpetuum,
772 2400 853 2446 hac
878 2399 1127 2446 indentura
1165 2399 1485 2463 quovismodo
1524 2415 1617 2444 non
1659 2397 1906 2446 obstante:
1941 2410 1987 2445 et

381 2484 463 2514 nos
488 2466 683 2530 predicti
711 2466 871 2532 Major
895 2478 939 2512 et
967 2466 1198 2514 Custodes
1223 2483 1272 2512 ac
1298 2466 1625 2513 Communitas
1648 2465 1771 2512 dicte
1802 2465 1910 2512 ville
1942 2476 1987 2511 et

378 2551 544 2581 eorum
581 2550 864 2581 successores
915 2534 1109 2580 eandem
1170 2534 1371 2597 placeam
1420 2544 1540 2579 terre
1587 2548 1693 2579 cum
1744 2533 1836 2578 suis
1883 2549 1989 2595 per-

379 2601 592 2648 tinenciis
617 2599 799 2664 prefato
822 2601 1029 2647 Roberto
1057 2601 1241 2664 Upton,
1269 2600 1517 2646 heredibus
1535 2611 1579 2647 et
1609 2600 1853 2663 assignatis
1876 2599 1987 2655 suiS‚

378 2669 423 2714 in
472 2667 622 2714 forma
670 2668 875 2730 predicta
934 2679 1094 2714 contra
1142 2685 1303 2713 omnes
1354 2678 1517 2731 gentes
1559 2665 1988 2712 warrantizabimus

379 2736 740 2798 imperpetuum.
