2192 3342
452 251 467 282 1
479 251 543 299 30
924 239 1164 287 DOVER
1201 239 1573 288 CHARTERS

1137 371 1193 422 X
1215 371 1261 422 L
1280 371 1302 422 Ι
1324 372 1363 422 1.

950 486 1027 539 xvj
1057 486 1245 540 Aprilis,
1277 497 1329 540 19
1358 487 1458 531 Ric.
1492 488 1553 531 11.

444 589 638 637 Scmnr
678 600 914 653 presentes
947 601 993 638 et
1029 590 1179 638 futuri
1215 591 1345 656 quod
1382 607 1466 638 nos
1500 591 1738 652 Johannes
1779 591 1970 654 Beneyt,
2006 601 2052 638 et

444 656 656 702 Thomas
708 656 935 715 Coumbe,
983 657 1152 714 clerici,
1197 658 1437 706 Henricus
1479 658 1690 718 Petham,
1731 670 1777 705 et
1816 659 2053 719 Johannes

448 722 655 781 Petham,
683 724 740 771 de
765 726 997 784 Dovorra,
1028 725 1243 772 dedimus
1285 725 1597 773 concessimus
1636 737 1699 783 et,
1732 725 1817 772 hac
1852 725 2052 789 presenti

444 802 567 837 carta
625 802 783 838 nostra
841 792 1095 850 indentata,
1154 792 1550 848 confirmavimus,
1608 764 1813 853 Jolianni
1879 791 2052 855 Wy,lle

445 874 701 920 corveyser,
728 858 787 905 de
822 860 1052 916 Dovorra,
1077 870 1123 906 et
1159 860 1325 919 Alicie,
1364 860 1498 907 uxori
1534 860 1648 935 ejus,
1684 860 1889 925 quodam
1926 870 2054 906 tene-

446 936 658 972 mentum
684 936 896 973 nostrum
921 943 1027 973 cum
1053 927 1147 973 suis
1171 928 1464 991 pertinenciis
1490 927 1742 974 scituatum
1768 925 1888 974 infra
1916 926 2054 973 liber-

444 1003 588 1038 tatern
630 1003 794 1056 portus
832 994 1051 1041 Dovorre
1100 993 1147 1040 in
1197 995 1614 1055 halvendelwarde,
1658 994 1889 1054 videlicet,
1930 993 2053 1041 inter

443 1059 619 1123 regiam
656 1070 846 1107 stratam
872 1077 1030 1107 versus
1054 1061 1281 1122 southest,
1306 1073 1352 1108 et
1377 1062 1612 1126 quandam
1638 1062 1866 1108 venellam
1894 1077 2055 1107 versus

446 1127 673 1187 northest,
697 1138 743 1174 et
768 1139 1089 1174 tenementum
1125 1128 1356 1176 Willelmi
1393 1130 1570 1176 Knotte
1608 1145 1767 1175 versus
1801 1128 2054 1175 southwest

445 1204 492 1240 et
533 1195 820 1242 northwest:
877 1194 1075 1242 habend'
1116 1207 1162 1242 et
1204 1195 1392 1243 tenend’
1431 1196 1694 1260 predictum
1734 1207 2053 1243 tenementum

446 1277 553 1307 cum
595 1261 689 1308 suis
730 1262 1026 1325 pertinenciis
1066 1263 1286 1326 predictis
1335 1263 1537 1324 Johanni
1591 1262 1751 1326 Wylle
1799 1273 1846 1309 et
1886 1261 2054 1321 Alicie,

447 1328 695 1375 heredibus
718 1340 764 1376 et
787 1330 1028 1394 assignatis
1057 1330 1203 1393 ipsius
1237 1331 1438 1391 Johanni
1465 1330 1627 1393 Wylle
1669 1330 2018 1393 imperpetuum
2041 1347 2050 1375 ε

447 1395 662 1443 ffaciend’
684 1396 791 1443 inde
809 1397 1057 1444 servicium
1077 1397 1255 1443 domini
1277 1397 1398 1461 regis
1422 1414 1528 1443 cum
1553 1397 1770 1444 acciderit
1796 1396 2053 1443 secundum

447 1463 836 1511 consuetudinem
874 1475 1037 1527 portus
1073 1464 1268 1528 predicti
1293 1483 1301 1510 z
1342 1465 1406 1510 Et
1434 1464 1657 1511 reddend'
1685 1464 1789 1510 inde
1814 1463 2053 1510 annuatim

447 1529 667 1592 predictis
700 1531 903 1591 Johanni
941 1531 1133 1594 Beneyt,
1167 1531 1372 1590 T'home,
1400 1530 1629 1590 Henrico,
1659 1542 1705 1578 et
1729 1531 1929 1591 Johanni
1957 1530 2056 1576 filio

447 1596 654 1662 ejusdem
681 1597 896 1658 Hernici,
922 1598 1170 1644 heredibus
1193 1609 1238 1644 et
1263 1599 1506 1662 assignatis
1529 1598 1622 1644 suis
1647 1598 1693 1644 in
1731 1597 1852 1644 festo
1888 1596 2055 1644 Natale

445 1664 626 1710 domini
652 1665 962 1729 quadraginta
986 1665 1200 1712 denarios
1235 1666 1598 1730 sterlingorum:
1641 1665 1705 1712 Et
1742 1665 1776 1711 si
1815 1665 2055 1729 contingat

449 1731 711 1806 predictum
747 1732 986 1779 redditum
1021 1733 1079 1780 ad
1117 1732 1372 1780 terminum
1415 1733 1679 1796 predictum
1721 1733 1766 1778 in
1810 1743 1939 1795 parte
1983 1730 2053 1778 vel

449 1799 495 1844 in
548 1809 652 1845 toto
704 1800 864 1864 aliquo
912 1816 1033 1846 anno
1073 1810 1228 1846 aretro
1267 1800 1462 1846 existere
1503 1810 1674 1846 extunc
1709 1799 1840 1846 liceat
1880 1799 2054 1846 eisdem

447 1866 651 1926 Johanni
689 1867 880 1930 Beneyt,
916 1868 1120 1926 Thome,
1159 1866 1389 1927 Henrico,
1425 1878 1471 1913 et
1498 1867 1701 1928 Johanni
1728 1866 1824 1913 filio
1848 1865 2054 1931 ejusdem

448 1932 665 1993 Henrici,
701 1933 948 1981 heredibus
996 1945 1041 1980 et
1090 1934 1334 2009 assignatis
1383 1934 1477 1981 suis
1526 1934 1574 1980 in
1625 1934 1888 1997 predictum
1926 1944 2055 1980 tene-

451 2010 664 2047 mentum
706 2017 812 2047 cum
853 2001 947 2048 suis
988 2001 1283 2064 pertinenciis
1324 2000 1616 2066 distringere,
1653 2012 1699 2047 et
1740 2000 2057 2048 districciones

450 2077 601 2130 captas
641 2067 864 2115 abducere
905 2079 951 2114 et
992 2085 1130 2131 penes
1164 2085 1211 2114 se
1247 2068 1444 2115 retinere
1479 2085 1727 2133 quousque
1762 2068 1819 2115 de
1845 2068 2057 2131 predicto

449 2134 637 2181 redditu
662 2135 726 2182 sic
750 2146 903 2182 aretro
926 2135 1152 2182 existente
1186 2153 1275 2181 una
1309 2152 1415 2182 cum
1451 2135 1664 2198 dampnis
1699 2135 1940 2182 occacione
1976 2135 2057 2181 de-

449 2202 676 2248 tencionis
716 2202 827 2248 dicti
867 2202 1079 2250 redditus
1115 2202 1284 2248 habitis
1319 2202 1520 2265 plenarie
1557 2202 1699 2249 fuerit
1734 2201 2051 2249 satisfactum:

450 2279 496 2314 et
532 2269 566 2314 si
606 2269 845 2334 contingat
883 2269 1145 2333 predictum
1182 2269 1420 2316 redditum
1457 2280 1610 2316 aretro
1633 2286 1729 2316 esse
1753 2269 1800 2315 in
1828 2280 1956 2333 parte
1982 2267 2055 2315 vel

452 2335 498 2381 in
535 2346 639 2383 toto
676 2353 756 2399 per
792 2353 936 2383 unum
973 2353 1147 2383 annum
1180 2347 1224 2382 et
1260 2353 1406 2383 unum
1431 2337 1572 2396 diem,
1598 2348 1766 2383 extunc
1792 2336 1925 2383 liceat
1952 2352 2055 2399 pre-

451 2402 587 2449 dictis
625 2403 828 2464 Johanni
878 2404 1068 2466 Beneyt,
1110 2404 1313 2463 Thorne,
1359 2403 1586 2462 HenricO,
1627 2415 1673 2450 et
1714 2403 1915 2464 Johanni
1959 2402 2056 2449 filio

451 2469 657 2534 ejusdem
696 2470 914 2529 Henrici,
952 2470 1199 2516 heredibus
1234 2482 1279 2516 et
1317 2471 1560 2535 assignatis
1595 2471 1687 2517 suis
1724 2471 1768 2516 in
1795 2470 2054 2533 predictum

453 2548 771 2584 tenementum
809 2555 914 2584 cum
951 2538 1045 2584 suis
1082 2538 1376 2600 pertinenciis
1409 2538 1644 2597 reintrare,
1673 2549 1718 2583 et
1744 2537 1858 2584 illud
1884 2537 2057 2600 imper-

455 2614 646 2666 petuum
685 2622 822 2668 penes
857 2622 903 2650 se
940 2605 1104 2650 habere
1139 2615 1184 2651 et
1221 2605 1476 2669 assignatos
1507 2622 1615 2651 suos
1640 2605 1685 2650 in
1711 2604 1909 2668 pristino
1934 2615 2056 2650 statu

455 2671 637 2732 pacifice
702 2672 968 2735 possidere:
1032 2672 1094 2718 Et
1156 2688 1239 2717 nos
1298 2672 1491 2734 predicti
1561 2673 1796 2733 johannes
1867 2672 2056 2734 Beneyt,

454 2737 680 2797 'l'homas,
721 2739 972 2797 Henricus,
1009 2750 1053 2784 et
1089 2739 1324 2799 Johannes
1366 2740 1571 2797 Petham,
1605 2751 1649 2784 et
1688 2739 1876 2785 heredes
1913 2737 2056 2784 nostri

457 2805 718 2868 predictum
757 2817 1073 2853 tenementum
1111 2823 1218 2852 cum
1256 2806 1355 2852 aliis
1391 2806 1608 2853 omnibus
1647 2805 1942 2869 pertinenciis
1964 2805 2058 2851 suis
