2181 3155
399 228 492 284 284
876 224 1113 271 DOVER
1154 222 1525 271 CHARTERS

1066 422 1124 473 X
1141 422 1187 475 C
1207 422 1230 473 1
1251 422 1274 473 I
1295 422 1338 476 1.

861 543 925 595 xij
959 541 1218 592 Februarii,
1248 550 1275 592 3
1311 541 1431 584 Hen.
1464 541 1597 583 VIII.

395 647 669 696 HENaicus
719 647 791 693 dei
841 647 988 711 gratia
1038 647 1136 692 Rex
1194 645 1370 710 Anglie
1417 657 1463 692 et
1512 646 1719 703 Francie,
1769 644 2004 692 Dominus

394 714 640 771 Hibernie‚
667 715 886 761 omnibus
903 713 1090 760 Ballivis
1114 724 1160 760 et
1186 712 1402 760 fidelibus
1427 713 1520 759 suis
1544 713 1599 759 ad
1625 729 1744 777 quos
1770 723 2004 776 presentes

389 781 542 828 littere
584 780 1168 845 pervenerint—Salutem.
1253 780 1412 827 Sciatis
1445 780 1573 844 quod
1624 797 1707 826 nos
1752 780 1810 826 de
1857 778 2004 844 gratia

391 860 548 895 nostra
594 848 775 912 speciali
812 865 862 895 ac
899 865 955 894 ex
1002 859 1127 894 certa
1162 847 1353 894 scientia
1389 859 1434 894 et
1484 864 1613 894 mero
1655 859 1788 894 motu
1834 845 2004 892 nostris

392 915 758 979 perdonavimus
805 915 1069 961 remisimus
1115 927 1160 962 et
1199 914 1520 969 relaxavimus,
1558 931 1607 960 ac
1650 932 1731 977 per
1772 924 2006 977 presentes

390 983 704 1045 perdonamus
751 982 1040 1030 remittimus
1084 993 1131 1029 et
1179 983 1452 1038 relaxamus,
1494 982 1687 1046 Majori,
1726 981 1920 1036 Ballivo,
1957 991 2002 1027 et

390 1049 730 1097 Communitati
783 1049 890 1096 ville
947 1060 1101 1096 nostre
1150 1050 1378 1106 Dovorre,
1429 1066 1507 1096 seu
1566 1065 1865 1112 quocumque
1913 1047 2004 1094 alio

391 1118 581 1164 nomine
622 1117 763 1164 iidem
809 1116 986 1182 Maj0r,
1015 1116 1238 1176 Ballivus‚
1263 1128 1309 1163 et
1345 1116 1676 1163 Communitas
1713 1127 1999 1170 censeantur,

391 1202 553 1232 omnes
576 1195 621 1231 et
647 1184 944 1231 omnimodas
959 1184 1263 1248 proditiones,
1291 1195 1385 1230 tam
1408 1183 1602 1248 majores
1621 1200 1761 1248 quam
1784 1183 2001 1240 minores,

390 1269 439 1298 ac
498 1252 792 1299 omnimodas
850 1251 958 1298 alias
1031 1251 1324 1314 prodiciones
1393 1267 1724 1315 quascumque,
1797 1249 1999 1306 murdra,

393 1319 658 1377 homicidia,
686 1318 871 1376 felonia,
898 1318 1440 1382 roborias,burgular1as
1469 1317 1801 1382 abjuraciones,
1828 1328 2003 1380 raptus,

391 1387 632 1451 capciones
649 1386 900 1432 mulierum
917 1403 1250 1450 quascumque,
1262 1403 1341 1448 per
1358 1402 1481 1448 1psos
1492 1385 1743 1450 MaJorem
1754 1384 2002 1444 Ballivum,

392 1465 438 1501 et
463 1453 881 1509 Communitatem,
907 1464 1011 1499 ante
1028 1452 1298 1499 vicesimum
1325 1453 1520 1499 tercium
1537 1453 1660 1499 diem
1680 1451 1858 1515 Aprilis
1881 1468 2004 1498 anno

394 1521 525 1584 regni
565 1521 709 1568 nostri
753 1521 905 1584 primo
931 1520 1107 1567 habitas
1143 1519 1286 1567 factas
1320 1520 1416 1566 sive
1454 1530 1767 1584 perpetratas:
1806 1518 2002 1565 aceciam

395 1588 667 1635 omnimoda
689 1588 867 1651 escapia
891 1598 936 1633 et
960 1587 1209 1643 evasiones,
1239 1587 1503 1634 voluntaria
1533 1598 1580 1633 et
1607 1604 1699 1633 non
1727 1585 2004 1644 voluntaria,

392 1672 801 1720 quorumcumque
839 1654 1135 1718 proditorum
1174 1656 1525 1702 murdratorum
1561 1666 1607 1700 et
1646 1653 2001 1709 homicidarum,

392 1722 618 1779 felonum,
666 1722 1043 1786 burgulatorum‚
1111 1733 1158 1768 et
1215 1739 1623 1786 quorumcumque
1679 1732 2000 1784 suspectorum

393 1790 696 1854 prodicionis,
739 1789 934 1847 murdri,
974 1789 1230 1846 homicidii,
1268 1789 1469 1848 roborie,
1511 1801 1556 1836 et
1600 1787 1784 1845 felonie,
1824 1805 2001 1834 necnon

392 1858 568 1921 escapia
609 1857 882 1904 clericorum
916 1857 1224 1903 attinctorum
1264 1873 1314 1903 ac
1355 1857 1679 1904 convictorum
1723 1866 1768 1902 et
1805 1855 2001 1902 aliorum

393 1925 758 1988 prisonariorum
794 1941 1203 1988 quorumcumque
1245 1941 1269 1970 a
1294 1923 1504 1970 custodia
1540 1924 1748 1987 ipsorum
1788 1922 2002 1987 Majoris,

396 1992 575 2048 Ballivi,
609 2003 654 2038 et
680 1991 1047 2038 Communitatis
1076 1990 1214 2037 simul
1239 2008 1348 2037 cum
1367 1990 1458 2038 alio
1492 1991 1563 2037 vel
1589 1990 1708 2045 aliis,
1734 2001 1812 2036 aut
1837 2006 1999 2036 eorum

388 2060 736 2122 deputatorum,
764 2075 941 2104 necnon
966 2058 1237 2104 accessarios
1272 2058 1465 2114 murdri,
1493 2027 1748 2113 homicidii,
1778 2073 2001 2120 quarum-

390 2143 592 2190 cumque
652 2125 948 2181 feloniarum,
1005 2125 1314 2182 roboriarum,
1358 2137 1402 2171 ct
1460 2125 1653 2171 aliarum
1724 2123 2000 2171 feloniarum

394 2209 801 2258 quarumcumque
826 2192 1047 2256 peripsos
1066 2192 1317 2256 Majorem,
1335 2192 1584 2247 Ballivum,
1611 2204 1654 2238 et
1672 2190 2002 2238 Communita-

394 2272 489 2307 tem
536 2271 641 2307 ante
678 2260 879 2306 eundem
917 2260 1041 2306 diem
1080 2258 1198 2306 facta
1241 2259 1394 2305 habita
1439 2259 1535 2306 sive
1583 2269 1855 2322 perpetrata,
1897 2257 2000 2305 licet

394 2328 533 2374 iidem
585 2327 759 2392 Major,
798 2326 1018 2382 Ballivus,
1055 2338 1099 2372 et
1147 2326 1477 2374 Communitas
1523 2326 1582 2372 de
1631 2325 1878 2389 premissis
1927 2323 1999 2372 vel

392 2394 551 2459 aliquo
610 2394 961 2457 premissorum,
1010 2393 1196 2440 iudicati
1259 2393 1473 2457 appellati
1534 2393 1690 2440 rectati
1750 2390 1998 2457 adjudicati

395 2462 583 2526 utlagati
611 2461 936 2524 condempnati
975 2460 1174 2507 convicti
1220 2460 1290 2506 vel
1328 2461 1505 2507 attincti
1542 2461 1737 2506 existant
1773 2476 1870 2506 sive
1908 2476 1998 2506 non

393 2530 625 2576 existant.
689 2545 867 2575 necnon
917 2544 1080 2575 omnes
1127 2539 1171 2574 ct
1218 2529 1424 2590 singulas
1473 2527 1716 2591 utlagarias
1774 2526 1819 2572 in
1880 2527 2001 2590 ipsos

398 2596 648 2661 Majorem,
677 2595 922 2651 Ballivum,
949 2606 994 2641 et
1020 2595 1419 2641 Commumtatem
1439 2612 1623 2641 accione
1650 2593 2000 2657 premissorum,

392 2681 488 2710 sive
547 2680 708 2709 corum
767 2662 976 2726 alicujuS,
1023 2674 1126 2708 ante
1185 2662 1387 2708 eundem
1449 2662 1586 2716 diem,
1650 2660 1994 2734 promulgatas:

392 2730 585 2777 aceciam
639 2729 912 2777 omnimoda
957 2740 1001 2775 et
1048 2729 1232 2791 singula
1287 2728 1468 2792 judicia
1520 2745 1658 2791 penas
1729 2728 1892 2774 mortis
1954 2737 1998 2773 et

393 2814 693 2844 cxecucmnes
725 2810 903 2843 ratione
945 2813 1023 2842 scu
1051 2813 1288 2843 occasione
1327 2812 1676 2859 premissorum,
1700 2812 1797 2841 sive
1834 2809 1996 2841 eorum
