2181 3155
451 243 466 272 1
480 229 538 287 98
927 226 1165 273 DOVER
1203 226 1574 274 CHARTERS

1155 359 1201 408 L
1219 359 1275 408 X
1292 358 1359 409 V.

881 476 966 516 xix
1001 475 1259 526 Februarii,
1295 475 1346 517 18
1378 474 1498 517 Hen.
1543 475 1623 517 VI.

452 579 786 643 [H]ENR10us
823 580 896 626 dei
934 580 1086 644 gracia
1124 580 1224 626 Rex
1254 579 1429 643 Anglie
1453 590 1499 626 et
1526 579 1725 638 ffrancie,
1753 591 1797 626 et
1825 579 2060 626 Dominus

451 646 698 706 Hibernie,
735 647 971 694 Omnibus
1006 648 1061 694 ad
1099 663 1216 711 quos
1252 659 1485 710 presentes
1520 647 1671 694 littere
1697 646 2059 711 pervenerint—

451 713 669 761 Salutem.

553 782 727 840 Sciatis,
767 781 894 846 quod
936 798 1041 828 cum
1081 781 1239 829 dilecti
1280 782 1426 828 nostri
1468 781 1629 847 Major
1664 793 1710 828 et
1737 780 2063 829 Communitas

451 849 558 895 ville
584 860 739 896 nostre
766 849 983 895 Dovorre
1010 849 1143 895 nobis
1168 866 1314 912 nuper
1338 849 1692 906 intimaverunt,
1724 860 1775 895 ut
1815 865 1920 895 cum
1960 864 2064 912 per-

449 934 560 963 sone
602 917 761 963 villam
805 915 1061 979 predictam
1104 916 1416 963 inhabitantes
1458 933 1617 964 muros
1652 916 1858 981 ejusdem
1899 926 2063 962 contra

452 983 626 1030 rabiem
655 995 700 1030 et
729 983 946 1030 seviciem
973 983 1110 1030 maris
1135 983 1324 1042 ibidem,
1364 983 1541 1048 aliaque
1577 1001 1716 1030 onera
1751 982 2066 1047 importabilia

453 1050 643 1115 prefatis
666 1050 1033 1097 inhabitantibus
1058 1069 1143 1115 pro
1167 1050 1436 1098 defensione
1461 1052 1569 1098 ville
1600 1052 1806 1115 predicte
1832 1051 2065 1114 imposita,

454 1135 663 1182 reparere
703 1129 749 1165 et
791 1129 1091 1165 manutenere
1129 1130 1374 1166 teneantur
1397 1119 1610 1166 similiter
1647 1131 1692 1166 et
1731 1119 2062 1182 astringantur,

453 1203 737 1251 quamquam
774 1202 826 1232 ea
863 1184 1010 1232 facere
1040 1187 1268 1251 nequiunt
1308 1203 1388 1233 ηερ
1425 1187 1661 1233 sufficiunt
1699 1187 1871 1250 quovis
1907 1185 2065 1242 modo,

454 1271 534 1318 per
559 1254 687 1318 quod
714 1253 836 1300 muri
863 1254 1059 1316 predicti
1086 1255 1131 1300 in
1156 1253 1392 1301 defectum
1423 1254 1730 1317 reparacionis
1754 1266 1799 1300 et
1824 1264 2067 1300 construc-

455 1322 600 1368 cionis
623 1320 884 1367 eorundem
908 1321 1077 1368 dirruti
1107 1333 1214 1368 sunt
1239 1333 1284 1367 et
1310 1322 1544 1384 prostrati,
1572 1322 1730 1386 sicque
1750 1337 1873 1367 mare
1893 1320 2066 1367 ibidem

456 1388 613 1435 villam
639 1399 846 1435 nostram
872 1388 1125 1451 predictam
1152 1405 1370 1452 processu
1410 1389 1634 1452 temporis
1671 1388 1986 1452 superundare
2020 1398 2066 1433 et

456 1457 694 1504 destruere
717 1455 995 1502 assimilatur
1020 1456 1104 1502 nisi
1132 1473 1213 1518 per
1239 1473 1323 1502 nos
1348 1456 1487 1502 cicius
1512 1456 1744 1503 relevetur
1772 1466 1817 1502 et
1854 1471 2068 1502 succura-

457 1536 534 1571 tur
557 1543 565 1571 :
605 1525 678 1570 Ac
703 1523 780 1569 ubi
805 1540 830 1569 a
855 1534 1065 1585 tempore
1090 1540 1186 1588 quo
1222 1524 1330 1569 villa
1350 1523 1482 1570 Cales
1508 1540 1589 1586 per
1619 1523 1824 1570 nobilem
1849 1522 2070 1587 progeni—

457 1603 609 1638 torem
645 1600 861 1637 nostrum
898 1589 1187 1637 Edwardum
1223 1602 1476 1655 conquesta
1510 1589 1600 1637 fuit
1629 1602 1675 1637 et
1700 1590 1927 1655 adquisita
1950 1606 2070 1654 quo-

459 1675 606 1723 usque
645 1658 729 1721 ipsi
769 1658 827 1705 de
864 1657 1023 1704 eadem
1064 1657 1170 1704 villa
1210 1675 1358 1722 nuper
1396 1675 1482 1721 pro
1520 1658 1700 1722 magnis
1733 1658 2000 1720 sumptibus
2023 1668 2069 1703 et

459 1725 714 1789 deperditis
751 1741 801 1771 ac
838 1725 1090 1782 aventuris,
1128 1742 1219 1790 que
1257 1726 1343 1789 ipsi
1382 1726 1440 1772 de
1465 1737 1677 1801 tempore
1702 1726 1747 1771 in
1773 1738 1959 1788 tempus
1985 1741 2071 1788 pro

461 1793 815 1840 conversacione
850 1803 896 1839 et
932 1764 1142 1840 custodia
1178 1793 1373 1856 predicti
1404 1793 1597 1857 passagii
1624 1792 1796 1840 ibidem
1823 1803 2072 1855 supporta-

462 1872 587 1919 runt,
641 1859 876 1906 libertates
927 1871 973 1906 et
1026 1859 1304 1906 franchesias
1345 1861 1680 1925 subsequenter
1723 1861 1984 1906 habuerunt
2025 1870 2072 1905 et

462 1939 713 1975 tenuerunt
737 1928 895 1991 eisque
921 1927 989 1974 usi
1016 1926 1209 1974 fuerunt
1234 1939 1279 1973 et
1304 1928 1465 1991 gavisi,
1491 1927 1720 1985 videlicet,
1745 1928 1874 1992 quod
1905 1927 1989 1990 ipsi
2015 1927 2072 1973 de

464 1996 683 2042 Dovorra
708 2011 812 2040 cum
838 1995 1047 2058 passagio
1070 2011 1155 2041 suo
1181 2011 1328 2059 usque
1357 1995 1528 2041 dictam
1550 1995 1706 2041 villam
1733 1994 1880 2051 Cales,
1906 2005 1951 2040 et
1978 2010 2071 2040 non

463 2064 520 2110 ad
562 2063 703 2109 alium
746 2062 937 2118 locum3
975 2078 1058 2108 nec
1101 2062 1185 2124 ipsi
1229 2063 1287 2108 de
1329 2061 1460 2108 Cales
1501 2079 1607 2109 cum
1649 2079 1737 2108 suo
1773 2062 1981 2126 passagio
2014 2061 2069 2108 ad

463 2131 604 2177 alium
641 2130 796 2176 locum
834 2139 1130 2193 preterquam
1167 2129 1222 2176 ad
1255 2129 1523 2176 Dovorram
1549 2129 1797 2175 transirent
1824 2145 1901 2175 seu
1927 2127 2074 2192 appli-

465 2208 635 2254 carent,
675 2197 762 2244 nisi
804 2196 888 2259 ipsi
928 2213 1008 2259 per
1047 2212 1261 2260 magnam
1302 2196 1373 2242 vel
1411 2197 1694 2243 subitaneam
1733 2207 2072 2272 tempestatem,

466 2266 538 2312 vel
565 2275 836 2328 preceptum
865 2263 1081 2327 Regium,
1108 2280 1188 2311 seu
1215 2262 1410 2310 frettum
1437 2264 1532 2310 sive
1568 2264 1917 2311 onustacionem
1954 2279 2075 2310 mer-

466 2332 680 2379 chandise
705 2348 794 2406 que
824 2331 880 2377 ad
911 2331 1169 2406 passagium
1202 2348 1294 2377 non
1331 2332 1577 2393 pertinent,
1618 2331 1993 2406 impedirentur3
2029 2341 2074 2376 et

466 2399 595 2464 quod
635 2399 720 2462 ipsi
757 2399 815 2446 de
852 2398 1068 2444 Dovorra
1104 2399 1338 2473 integrum
1376 2397 1571 2445 frettum
1604 2400 1700 2445 sive
1724 2399 2073 2445 onustacionem

466 2479 511 2513 et
537 2465 800 2530 proficuum
828 2465 1019 2540 passagii
1046 2466 1192 2512 nostri
1218 2482 1268 2511 ac
1294 2466 1481 2512 navium
1515 2483 1674 2512 versus
1708 2466 1880 2512 dictam
1917 2464 2073 2512 villam

468 2534 598 2581 Cales
637 2533 982 2579 transeuncium
1021 2543 1066 2578 et
1104 2533 1460 2595 applicancium,
1500 2534 1727 2580 consimili
1768 2533 1912 2579 modo
1944 2530 2073 2596 quod

470 2602 553 2664 ipsi
581 2602 639 2648 de
665 2600 797 2647 Cales
821 2600 878 2646 de
903 2600 993 2646 illis
1018 2600 1097 2663 qui
1124 2600 1178 2646 ad
1214 2601 1477 2646 Dovorram
1516 2599 1803 2647 confluerent
1841 2600 2074 2655 haberent,

469 2670 530 2714 ita
568 2668 695 2732 quod
734 2684 815 2713 nec
852 2667 937 2730 ipsi
974 2667 1032 2712 de
1070 2666 1203 2713 Cales
1238 2667 1416 2730 aliquos
1453 2667 1647 2714 frettum
1685 2668 1781 2713 sive
1817 2667 2074 2730 passagium

471 2737 657 2782 navium
683 2735 741 2781 de
767 2735 995 2790 Dovorra,
1027 2750 1107 2779 ηερ
1134 2734 1216 2796 ipsi
1243 2734 1300 2780 de
1327 2736 1542 2782 Dovorra
1572 2736 1629 2782 de
1665 2733 1809 2780 fretto
1844 2735 1939 2780 sive
1976 2750 2077 2796 pas-

469 2804 596 2867 sagio
613 2803 799 2849 navium
817 2801 961 2858 Cales,
984 2801 1270 2865 perciperent
1297 2803 1464 2861 quovis
1490 2803 1648 2859 modo,
1671 2802 1755 2847 uisi
1777 2818 1855 2864 per
1875 2800 2074 2865 aliquam
