2192 3342
391 250 452 307 84
870 246 1101 294 DOVER
1138 243 1508 293 CHARTERS

392 380 624 427 PLAcrrA
665 390 795 427 tenta
832 380 889 427 ad
927 377 1184 426 Ecclesiam
1219 376 1371 424 Sancti
1395 375 1555 437 Jacobi
1591 377 1651 424 de
1675 377 1895 425 Dovorra
1919 378 1995 426 die

451 463 584 524 Jovis
635 462 854 528 proximo
905 472 1012 527 post
1064 459 1238 508 festum
1285 459 1570 507 inventionis
1609 460 1772 508 Sancte
1815 460 1994 520 Crucis,

454 563 578 594 anno
617 546 756 611 xxxij,
799 555 885 592 etc.

486 678 721 738 Johannes
745 676 802 723 de
829 676 966 722 Mare
992 685 1218 721 mercator
1242 674 1300 721 de
1322 674 1471 735 Janua
1498 684 1544 720 et
1566 673 1732 721 Petrus
1761 674 1996 735 Johannes

801 753 1030 789 mercator
1054 742 1112 788 de
1137 741 1366 789 fflorentia
1389 752 1436 788 et
1460 740 1570 787 socii
1589 741 1659 787 sui
1680 741 1760 806 qui
1785 742 1995 788 tulerunt

391 811 718 858 Misericordia.
803 809 958 857 billam
1001 825 1162 856 versus
1205 809 1441 874 Majorem
1483 807 1716 856 Ballivum
1763 819 1808 856 et
1848 808 1995 856 Corn—

802 877 1080 924 munitatem
1138 875 1263 923 Ville
1318 876 1376 923 de
1434 875 1676 923 Sandwico
1734 892 1828 923 non
1885 886 1995 923 sunt

390 955 639 1009 presentes.
712 944 826 991 Ideo
883 943 970 1007 ipsi
1028 954 1074 990 et
1133 943 1276 1008 plegii
1334 943 1422 1000 sui,
1483 942 1702 991 videlicet
1762 942 1996 991 Robertus

391 1012 603 1077 Lynham
628 1023 674 1059 et
695 1011 931 1073 Johannes
956 1010 1133 1058 Geffrai
1159 1011 1206 1058 in
1232 1010 1560 1058 misericordia.

491 1143 778 1190 Mandatum
798 1141 888 1190 fuit
907 1141 1088 1189 Ballivo
1105 1152 1151 1188 et
1172 1141 1347 1207 Majori
1365 1141 1422 1188 de
1438 1141 1678 1188 Sandwico
1693 1141 1821 1206 quod
1838 1141 1996 1188 venire

388 1209 564 1257 faciunt
601 1211 680 1258 xii.
723 1210 897 1274 probos
937 1221 983 1256 et
1023 1209 1191 1273 legales
1231 1208 1445 1256 homines
1487 1209 1615 1274 quod
1657 1220 1807 1256 essent
1850 1208 1995 1256 hiem

387 1278 588 1343 quadam
653 1277 811 1343 jurata
882 1277 1004 1324 inter
1063 1277 1327 1340 Johannem
1390 1276 1537 1333 Piroe
1599 1287 1892 1341 querentem,
1950 1287 1996 1324 et

790 1344 1026 1409 Majorem
1051 1344 1174 1391 Ville
1209 1344 1268 1390 de
1305 1343 1545 1390 Sandwico
1579 1342 1911 1390 defendentem
1948 1343 1996 1390 in

388 1412 634 1475 Preceptum
664 1424 725 1460 est
790 1411 962 1476 placito
985 1411 1377 1476 transgressioniS,
1403 1421 1488 1458 etc.
1559 1410 1656 1473 Qui
1682 1411 1745 1457 sic
1770 1410 1998 1474 respond-

387 1481 443 1526 sit
463 1481 587 1526 alias.
788 1489 869 1526 ent
906 1479 1034 1544 quod
1076 1478 1195 1526 illud
1237 1478 1511 1524 mandatum
1549 1478 1664 1524 adeo
1701 1478 1830 1524 tarde
1869 1478 1996 1525 venit

789 1546 919 1611 quod
945 1546 1063 1593 illud
1096 1545 1260 1610 exequi
1297 1561 1391 1592 non
1428 1555 1700 1608 potuerunt,
1725 1556 1812 1593 etc.
1884 1545 1997 1593 Ideo

388 1624 660 1677 preceptum
684 1623 752 1660 est
777 1613 835 1660 sit
859 1613 981 1670 alias,
1007 1623 1095 1660 etc.

492 1745 776 1793 Mandatum
800 1743 891 1791 fuit
916 1743 1096 1792 Ballivo
1133 1754 1178 1791 et
1216 1743 1472 1791 Baronibus
1504 1744 1560 1791 de
1592 1743 1832 1791 Sandwico
1867 1745 1996 1809 quod

791 1812 948 1858 venire
983 1810 1177 1858 fecerint
1211 1811 1271 1876 xij
1311 1811 1483 1875 probos
1518 1822 1564 1859 et
1593 1810 1760 1886 legales
1785 1812 1997 1859 homines

390 1880 635 1942 Preceplum
661 1891 726 1926 est
791 1879 921 1944 quod
938 1890 1088 1925 essent
1101 1878 1194 1925 hic
1185 1896 1231 1925 in
1243 1879 1634 1943 quadamJurata
1626 1890 1746 1925 mter
1759 1879 1995 1944 Majorem

389 1949 445 1993 sit
466 1948 591 1994 alias.
795 1946 912 1992 Ville
954 1947 1011 1993 de
1052 1945 1291 1992 Sandwico
1332 1957 1605 2010 querentem
1646 1957 1692 1993 et
1729 1946 1996 1994 Henricum

790 2013 1018 2060 Wardieu
1064 2012 1395 2060 defendentem
1439 2014 1485 2060 in
1528 2013 1700 2077 placito
1741 2024 1997 2079 transgres-

387 2080 530 2128 sionis
563 2090 668 2138 etc„
701 2080 783 2156 qui
825 2080 888 2126 sic
930 2080 1215 2143 respondent
1253 2081 1382 2155 quod
1421 2080 1535 2127 illud
1572 2081 1845 2128 mandatum
1880 2082 1997 2129 adeo

391 2149 521 2196 tarde
558 2148 622 2194 eis
660 2147 787 2194 venit
812 2148 940 2212 quod
974 2147 1089 2195 illud
1114 2148 1279 2212 exequi
1307 2165 1400 2195 non
1425 2159 1698 2212 potuerunt,
1723 2159 1810 2196 etc.
1883 2149 1997 2197 Ideo

390 2226 660 2279 preceptum
685 2225 753 2262 est
776 2214 835 2261 sit
859 2215 982 2274 aliaS,
1008 2226 1093 2263 etc.

792 2344 1046 2393 Consimile
1083 2355 1326 2392 retornum
1363 2362 1448 2408 pro
1491 2344 1676 2410 Maj0re
1722 2356 1768 2392 et
1815 2344 1998 2392 Ballivo

392 2414 640 2475 Preceptum
665 2424 725 2459 est
792 2413 1010 2460 Dovorre
1051 2413 1109 2459 de
1153 2412 1466 2477 Inquisicione
1505 2424 1724 2477 tangente
1759 2412 1996 2478 Majorem

392 2481 444 2526 sit
467 2481 595 2526 alias.
791 2480 848 2526 de
890 2481 1121 2530 Dovorra.
1199 2480 1309 2527 Ideo
1347 2491 1620 2544 preceptum
1661 2491 1730 2527 est
1770 2480 1830 2527 sit
1871 2480 1995 2537 aliaS,

790 2557 875 2594 etc.

491 2678 603 2725 Dies
627 2679 764 2726 datus
792 2689 860 2725 est
901 2678 1150 2726 Vincencio
1187 2678 1368 2735 ffinche,
1395 2678 1573 2724 Ballivo
1608 2677 1664 2724 de
1698 2675 1995 2740 Wynchelse,

388 2763 527 2810 super
551 2746 750 2811 quadam
776 2746 1049 2810 excepcione
1077 2758 1126 2794 ut
1153 2746 1442 2811 premittitur
1485 2746 1527 2791 in
1555 2744 1696 2792 Curia
1733 2743 1994 2810 precedenti
