2181 3155
460 199 546 259 158
934 195 1171 242 DovER
1210 192 1579 240 CHARTERS

1164 392 1356 443 LIII.

870 521 970 549 xxv
1007 506 1296 557 Decembris,
1331 515 1381 548 12
1415 505 1536 548 Hen.
1573 505 1651 546 1v.

454 611 647 657 SmANT
685 623 919 674 presentes
953 622 998 657 et
1035 610 1182 657 futuri
1219 611 1347 675 quod
1384 626 1489 674 ego,
1528 608 1796 655 Willelmus
1827 609 1971 656 Skote
2006 608 2063 655 de

457 677 742 734 meourne,
780 678 902 736 dedi,
941 679 1158 735 concessi,
1195 690 1256 734 et,
1295 679 1376 724 hac
1414 676 1615 740 presenti
1653 688 1775 723 carta
1812 693 1927 731 mea,
1953 692 2066 722 con-

457 745 638 791 firmavi
667 745 855 791 Thome
891 756 962 791 ate
998 745 1214 792 Crouche
1251 745 1308 791 de
1346 745 1580 799 Dovorra,
1617 755 1662 789 et
1686 743 1905 805 Johanni‚
1931 743 2063 789 uxori

455 811 570 876 ejus,
596 811 710 858 illud
747 812 1038 876 mesuagium
1072 829 1179 859 cum
1206 812 1502 875 pertinenciis
1532 811 1757 857 situatum
1784 809 1903 857 infra
1927 810 2068 856 liber-

456 890 598 925 tatem
639 879 813 925 Portus
851 880 1069 925 Dovorre
1099 880 1146 925 in
1173 879 1533 935 Canonewarde,
1574 878 1695 924 inter
1745 889 2066 925 tenementum

458 945 638 992 domini
681 946 869 992 Thome
912 946 1074 1008 Herry
1118 963 1278 992 versus
1321 947 1601 1000 northeaste‚
1647 957 1691 992 et
1747 956 2067 992 tenementum

457 1013 570 1059 dicti
613 1012 800 1059 Thome
841 1023 913 1059 ate
955 1013 1170 1060 Crouche
1213 1030 1371 1060 versus
1412 1014 1674 1060 southeaste
1699 1024 1745 1059 et
1768 1014 2067 1067 southweste,

458 1091 504 1126 et
558 1080 678 1126 inter
731 1080 904 1144 regiam
957 1091 1147 1127 stratam
1204 1098 1362 1127 versus
1413 1081 1709 1137 northweste,
1751 1080 1878 1144 quod
1923 1096 2070 1142 nuper

459 1146 688 1211 adquisivi
723 1148 780 1194 de
812 1147 1026 1208 Johanne
1065 1147 1284 1223 Roberte,
1323 1148 1518 1204 seniore,
1563 1148 1820 1194 Carnifice:
1873 1146 2070 1193 habend

460 1227 506 1260 et
531 1214 718 1261 tenend’
758 1214 1022 1277 predictum
1061 1216 1351 1279 mesuagium
1386 1233 1491 1262 cum
1534 1214 1751 1261 omnibus
1790 1215 1886 1260 suis
1928 1213 2071 1277 perti-

462 1281 636 1328 nenciis
661 1281 850 1345 prefatis
875 1282 1060 1328 Thome
1085 1293 1157 1329 ate
1183 1283 1397 1329 Crouche
1439 1294 1483 1329 et
1519 1283 1747 1343 Johanne
1787 1281 1920 1328 uxori
1958 1281 2070 1345 ejus,

461 1348 712 1395 heredibus
730 1360 775 1395 et
799 1349 1042 1413 assignatis
1066 1349 1209 1412 ipsius
1228 1350 1440 1396 Thome
1432 1362 1811 1413 imperpetuum:
1858 1348 2071 1395 ffaciend’

463 1416 570 1462 inde
611 1416 858 1462 servicium
899 1416 1078 1463 domini
1122 1417 1242 1481 regis
1283 1434 1389 1463 cum
1431 1417 1647 1463 acciderit
1680 1416 1935 1462 secundum
1962 1432 2073 1462 con-

461 1483 760 1530 suetudinem
804 1495 967 1546 portus
1008 1484 1203 1546 predicti
1249 1501 1334 1546 pro
1383 1483 1600 1530 omnibus
1641 1483 1740 1530 aliis
1780 1482 1987 1530 serviciis
2027 1494 2072 1529 et

463 1550 735 1597 demandis:
775 1562 821 1597 et
862 1567 966 1615 ego,
1007 1550 1278 1597 Willelmus
1316 1551 1459 1598 Skote
1497 1551 1772 1608 antedictus,
1799 1563 1843 1597 et
1886 1550 2075 1597 heredes

465 1618 570 1675 mei,
614 1616 874 1680 predictum
918 1619 1206 1682 mesuagium
1251 1635 1357 1664 cum
1400 1618 1618 1665 omnibus
1653 1619 1746 1665 suis
1782 1617 2077 1681 pertinenciis

465 1683 800 1748 prenominatis
840 1685 1028 1731 Thome
1069 1696 1141 1732 ate
1185 1685 1400 1732 Crouche
1441 1698 1486 1732 et
1527 1686 1754 1746 johanne,
1791 1685 1924 1732 uxori
1960 1685 2074 1750 ejus,

465 1751 711 1798 heredibus
735 1763 780 1798 et
805 1752 1046 1816 assignatis
1071 1753 1280 1817 ejusdem
1310 1753 1514 1809 Thome,
1544 1764 1705 1799 contra
1729 1770 1891 1799 omnes
1915 1763 2078 1817 gentes

466 1818 874 1865 warantizabimus
898 1819 1258 1883 imperpetuum.

570 1886 622 1932 In
649 1886 781 1951 cujus
806 1885 870 1932 rei
896 1886 1217 1934 testimonium
1245 1887 1351 1933 huic
1377 1888 1579 1951 presenti
1606 1898 1728 1934 carte
1749 1904 1848 1934 mee
1867 1887 2075 1952 sigillum

469 1970 625 1999 meum
662 1953 869 2016 apposui.

572 2021 694 2066 Data
720 2021 940 2066 Dovorra
964 2020 1010 2066 in
1037 2020 1157 2067 festo
1183 2022 1338 2067 Natali
1375 2021 1571 2068 Domini
1609 2038 1730 2068 anno
1767 2021 1895 2085 regni
1935 2021 2078 2085 Regis

471 2087 690 2145 Henrici,
715 2088 866 2151 quarti
894 2099 999 2150 post
1025 2100 1332 2152 conquestum
1359 2089 1549 2153 Anglie,
1575 2088 1870 2137 duodecimo,

573 2154 685 2200 Hiis
709 2154 905 2201 testibus
929 2174 936 2201 :
974 2155 1186 2215 Johanne
1211 2156 1376 2214 Strete,
1398 2156 1581 2220 Majore
1603 2157 1820 2202 Dovorre
1843 2173 1854 2210 ;
1892 2156 2079 2202 Thoma

475 2221 614 2285 Page,
637 2221 817 2268 Ballivo
839 2238 850 2278 3
889 2222 1122 2268 Nicholao
1137 2223 1329 2286 Spisour
1353 2239 1364 2278 ;
1406 2222 1620 2269 Henrico
1644 2223 1796 2268 Merle
1818 2239 1829 2279 ;
1870 2222 2079 2269 Roberto

474 2288 663 2351 Aleyn3
698 2289 912 2349 Johanne
943 2289 1147 2353 Robyn3
1188 2289 1429 2336 Willelmo
1464 2290 1830 2345 Middeltoone3
1866 2290 2080 2351 Johanne

474 2354 611 2402 ffelde
637 2371 649 2412 ;
688 2355 892 2403 Ricardo
915 2356 1147 2404 Sedenore
1170 2373 1181 2413 ;
1221 2368 1266 2404 et
1298 2356 1407 2405 aliis,

482 2815 615 2879 [188.
645 2817 697 2880 4]
