2192 3342
462 193 550 252 146
934 193 1173 240 DOVER
1211 192 1581 240 CHARTERS

1079 392 1137 442 X
1161 393 1207 443 L
1223 392 1275 442 V
1294 391 1316 442 1
1339 392 1360 442 1
1382 392 1422 442 Ι.

954 507 1048 560 xvij
1081 507 1226 559 Junii,
1258 517 1284 559 4
1318 506 1438 549 Hen.
1476 506 1554 548 1V.

453 611 647 658 Seiam
685 624 918 675 presentes
957 624 1002 658 et
1044 611 1193 659 futuri
1235 613 1361 676 quod
1402 627 1504 676 ego,
1532 611 1800 658 VVillelmus
1823 611 1959 658 Ger*
1982 624 2059 669 ¹⁴⁶,

454 678 562 725 alias
598 691 789 725 vocatus
827 679 1051 743 Harpele,
1085 680 1143 726 de
1179 680 1330 726 Seinte
1375 679 1755 743 Mergretelenne
1804 679 1849 725 in
1900 678 2062 725 Comi-

454 758 553 792 tatu
591 745 907 804 Northfolcie‚
941 747 1065 804 dedi,
1101 747 1319 803 concessi,
1356 759 1417 803 et,
1454 747 1534 792 hac
1570 746 1771 809 presenti
1797 757 1921 792 carta
1945 763 2060 804 mea,

453 813 721 860 confirmavi
763 814 964 874 Johanni
1010 814 1201 860 Petham
1240 814 1298 860 de
1337 815 1572 871 Dovorra,
1611 824 1756 860 totam
1795 824 2062 876 propartem

455 897 602 926 meam
630 881 765 926 unius
789 880 1011 944 quarterii
1038 882 1167 929 ordei
1194 881 1343 944 palme
1380 893 1601 944 perpetue
1626 892 1670 926 et
1697 881 1907 927 annualis
1931 881 2062 927 firme

453 948 724 1012 exurgentis
748 948 987 994 annuatim
1012 948 1070 994 de
1095 948 1274 994 duabus
1298 949 1413 994 acris
1439 960 1558 994 terre
1597 948 1851 994 Alexandri
1891 947 2062 994 Nealot

453 1015 510 1060 de
535 1015 770 1072 Dovorra,
789 1014 1053 1079 jacentibus
1077 1015 1123 1061 in
1149 1015 1364 1079 parochia
1391 1015 1447 1061 de
1475 1015 1721 1079 Hugham,
1747 1027 1791 1061 et
1819 1026 1982 1061 tenura
2005 1014 2062 1060 de

453 1081 747 1144 Syberstone,
772 1082 1003 1138 videlicet,
1029 1082 1150 1129 inter
1176 1094 1346 1129 terram
1372 1082 1595 1128 heredum
1629 1082 1820 1128 Marthe
1856 1083 2064 1146 Borgeys

453 1166 614 1196 versus
654 1161 775 1196 easte
816 1160 861 1195 et
905 1150 1088 1206 northe,
1130 1161 1177 1196 et
1219 1151 1338 1196 inter
1381 1162 1550 1196 terram
1595 1150 1781 1196 Thome
1819 1160 1891 1195 ate
1919 1149 2061 1196 Halle

454 1233 615 1262 versus
655 1228 793 1263 weste
833 1228 879 1263 et
920 1217 1103 1273 southe,
1146 1234 1236 1281 que
1277 1217 1469 1281 quidem
1507 1233 1699 1280 propars
1734 1216 1862 1264 ordei
1889 1216 1935 1262 in
1954 1217 2061 1281 jure

453 1284 734 1330 hereditario
775 1301 856 1347 per
898 1295 1097 1331 mortem
1143 1283 1333 1330 Roberti
1378 1284 1602 1346 Harpele‚
1628 1284 1869 1348 quondam
1909 1283 2064 1330 fratris

454 1351 560 1407 mei,
600 1368 748 1414 nuper
789 1351 1055 1398 accidebat:
1095 1350 1293 1398 habend'
1319 1363 1363 1397 et
1400 1351 1684 1414 percipiend'
1713 1362 1859 1397 totam
1885 1351 2058 1397 dictam

453 1430 720 1482 propartem
757 1435 907 1464 meam
933 1418 1045 1465 dicti
1075 1418 1295 1482 quarterii
1322 1418 1450 1464 ordei
1477 1417 1609 1464 firme
1635 1417 1817 1482 prefato
1839 1418 2058 1479 Johanni,

452 1485 698 1532 heredibus
721 1496 767 1532 et
791 1486 886 1531 suis
910 1486 1164 1550 assignatis,
1191 1485 1537 1560 imperpetuum
1576 1485 1632 1532 ad
1669 1486 1916 1532 servicium
1954 1485 2059 1532 inde

451 1552 702 1599 solucionis
740 1552 950 1599 debitum
987 1564 1033 1599 et
1069 1563 1344 1599 consuetum
1371 1552 1508 1617 juxta
1531 1564 1742 1599 tenorem
1767 1553 2058 1617 quarundem

452 1620 808 1667 indenturarum
835 1620 955 1666 inter
979 1619 1184 1683 prefatos
1208 1620 1534 1667 Alexandrum
1575 1631 1621 1666 et
1664 1620 1926 1667 Robertum
1951 1620 2059 1667 inde

451 1686 766 1734 confectarum
818 1686 1015 1734 fideliter
1063 1687 1301 1733 annuatim
1337 1687 1646 1734 solvendum:
1699 1698 1744 1733 et
1791 1704 1896 1752 ego,
1936 1687 2060 1734 Wil-

450 1755 618 1801 lelmus
641 1754 903 1801 antedictus
934 1765 980 1800 et
1016 1754 1206 1801 heredes
1242 1754 1333 1803 mei
1371 1766 1516 1801 totam
1554 1771 1701 1801 meam
1740 1754 1912 1801 dictam
1950 1772 2060 1818 pro-

452 1833 630 1885 partem
668 1821 782 1868 dicti
820 1822 1040 1885 quarterii
1094 1821 1223 1868 ordei
1277 1822 1407 1867 firme
1459 1822 1786 1885 prenominato
1838 1822 2058 1883 Johanni,

451 1888 698 1936 heredibus
731 1899 777 1934 et
813 1889 907 1934 suis
930 1888 1188 1954 assignatiS,
1214 1899 1375 1936 contra
1399 1906 1561 1936 omnes
1591 1900 1754 1953 gentes
1789 1890 2059 1937 warantiza-

451 1956 603 2003 bimus
626 1956 991 2019 imperpetuum.

552 2024 602 2069 In
628 2023 761 2087 cujus
787 2023 849 2068 rei
875 2023 1198 2070 testimonium
1225 2023 1331 2069 huic
1357 2023 1558 2086 presenti
1585 2034 1707 2070 carte
1729 2040 1827 2070 mee
1852 2023 2056 2089 sigillum

451 2108 606 2137 meum
631 2107 839 2154 apposui.

551 2159 673 2204 Data
729 2157 851 2220 apud
920 2157 1201 2221 Syberstone
1259 2157 1443 2203 decimo
1514 2159 1715 2220 septimo
1783 2158 1858 2204 die
1928 2158 2055 2218 Junii

449 2242 572 2271 anno
614 2224 743 2288 regni
789 2224 929 2288 Regis
984 2224 1200 2282 Henrici,
1245 2223 1321 2288 iiiji
1365 2236 1470 2288 post
1519 2236 1830 2289 conquestum
1882 2225 2056 2290 Anglie

447 2302 628 2356 quarto,

549 2358 663 2405 Hiis
688 2357 912 2405 testibus:
955 2358 1144 2404 Thoma
1167 2358 1322 2414 Gilis;
1361 2359 1548 2405 Thoma
1586 2370 1656 2404 ate
1696 2358 1872 2414 Hal!e;
1910 2359 2056 2405 Alex-

447 2427 593 2474 andro
618 2426 909 2489 Chilyndene
932 2441 943 2480 ;
979 2425 1191 2486 Johanne
1224 2426 1437 2489 Mayster
1461 2442 1472 2482 ;
1517 2426 1777 2473 Edmundo
1808 2426 2019 2473 Marchal
2043 2442 2055 2482 3

446 2506 491 2540 et
524 2494 637 2540 aliis.

446 2825 580 2887 [¹89·
609 2825 661 2888 4]
