2181 3155
387 260 401 289 1
414 243 473 289 68
859 243 1098 290 DOVER
1137 242 1506 290 CHARTERS

1096 441 1141 491 L
1157 441 1208 491 V
1228 442 1267 491 Ι.

844 557 1024 599 Ultimo
1057 557 1186 607 Maii,
1222 566 1271 607 13
1303 556 1423 598 Heu.
1459 556 1534 598 1v.

377 658 659 706 Novenmr
677 660 882 706 universi
909 676 982 706 me
1007 659 1242 715 Ceciliam‚
1261 658 1467 706 relictam
1492 659 1748 706 Alexandri
1773 659 1987 716 Poltone,

377 726 434 772 de
461 726 696 785 Dovorra,
722 727 768 773 in
796 744 897 773 mea
928 727 1159 774 viduitate
1184 726 1426 783 remisisse,
1457 726 1692 784 relaxasse,
1717 738 1763 773 et
1794 726 1989 774 omnino

378 810 464 856 pro
490 811 563 840 me
587 805 632 840 et
655 793 985 840 executoribus
1009 794 1124 841 meis
1149 795 1497 858 imperpetuum
1528 794 1745 858 quietum
1771 795 1988 840 clamasse

377 860 554 924 Agneti
583 861 798 918 Poltone,
825 860 917 907 filie
942 878 1058 918 mee,
1084 872 1240 908 totum
1268 878 1425 908 meum
1445 861 1525 926 jus
1549 873 1593 907 et
1611 861 1734 926 juris
1759 862 1988 908 clameum

378 944 472 991 que
508 927 664 984 habui,
703 927 864 984 habeo,
898 944 978 974 seu
1015 929 1188 992 quovis
1217 929 1362 976 modo
1399 928 1564 975 habere
1590 939 1770 992 potero,
1809 929 1855 975 in
1894 945 1990 974 uno

379 1005 649 1042 tenemento
695 995 792 1041 sive
850 995 1035 1042 stabulo
1093 995 1269 1043 situato
1327 994 1447 1042 infra
1505 995 1764 1042 libertatem
1815 996 1991 1042 Portus

379 1062 598 1109 Dovorre
646 1062 693 1108 in
745 1062 1146 1125 Mankynewarde
1188 1063 1309 1110 inter
1366 1063 1538 1127 regiam
1581 1074 1769 1109 stratam
1830 1079 1990 1109 versus

378 1129 658 1185 southeeast,
685 1140 731 1177 et
756 1140 930 1176 terram
969 1129 1161 1177 Roberti
1188 1130 1389 1192 Boydyn
1414 1147 1574 1176 versus
1608 1131 1908 1187 southewest‚
1944 1141 1989 1176 et

378 1207 547 1243 terram
567 1195 754 1244 Thome
780 1197 996 1244 Crouche
1022 1215 1183 1244 versus
1207 1198 1504 1254 northewest,
1532 1208 1578 1243 et
1603 1198 1723 1244 inter
1750 1209 1990 1244 tenemen-

378 1274 482 1310 tum
507 1263 735 1325 Johannis
759 1264 955 1311 Petham
993 1282 1155 1311 versus
1186 1265 1483 1311 northeeast:
1524 1265 1586 1311 ita
1611 1265 1740 1339 quod
1767 1282 1860 1311 non
1885 1281 1988 1329 ego,

379 1331 703 1394 prenominata
743 1330 930 1388 Cecilia,
974 1348 1055 1378 nec
1093 1332 1261 1396 aliquis
1309 1332 1498 1378 nomine
1536 1348 1740 1388 meo,1n
1780 1331 1990 1395 predicto

378 1409 647 1446 tenemento
677 1398 774 1445 sive
811 1397 996 1446 stabulo
1031 1416 1136 1445 cum
1176 1399 1271 1445 suis
1306 1398 1601 1461 pertinenciis
1637 1415 1718 1445 nec
1754 1398 1800 1445 in
1836 1399 1991 1463 aliqua

379 1477 508 1528 parte
554 1465 765 1541 ejusdem
813 1466 1042 1530 quicquid
1083 1466 1205 1530 juris
1260 1465 1559 1530 proprietatis
1604 1477 1684 1512 aut
1726 1465 1885 1513 clamei
1933 1466 1990 1513 de

376 1544 532 1580 cetero
569 1533 753 1609 exigere
791 1534 864 1580 vel
897 1534 1142 1580 vendicare
1182 1533 1406 1580 debemus
1453 1533 1498 1579 in
1542 1531 1778 1590 futurum,
1820 1544 1887 1580 set
1935 1533 1990 1580 ab

380 1600 509 1647 omni
542 1600 650 1647 inde
679 1601 803 1666 juris
837 1600 1022 1647 accione
1059 1600 1204 1647 simus
1239 1601 1410 1647 exclusi
1446 1617 1526 1664 per
1556 1612 1790 1664 presentes
1818 1601 1991 1664 imper-

379 1678 592 1731 petuum.

482 1736 534 1781 In
594 1734 728 1800 cujus
797 1734 862 1781 rei
921 1734 1242 1782 testimonium
1304 1735 1504 1799 presenti
1563 1734 1771 1799 sigillum
1833 1753 1989 1782 meum

377 1819 586 1866 apposui.

481 1870 605 1916 Data
663 1870 883 1916 Dovorra
942 1869 1113 1916 ultimo
1172 1870 1247 1916 die
1309 1869 1426 1916 Maii
1486 1887 1609 1916 anno
1668 1869 1796 1934 regni
1848 1870 1990 1934 Regis

382 1936 598 1993 Henrici,
634 1937 786 2000 quarti
825 1947 929 2000 post
966 1948 1274 2001 conquestum
1310 1936 1498 2001 Anglie,
1539 1937 1684 1983 tercio
1718 1937 1916 1984 decimo.

385 2881 516 2944 [188.
552 2876 600 2943 2]
