2192 3342
378 246 434 291 72
858 227 1090 275 DovER
1127 225 1501 274 CHARTERS

379 354 475 401 fieri
503 353 650 417 possit
669 353 799 417 quod
820 352 906 399 de
888 369 995 416 Jure
1014 363 1061 398 et
1080 350 1340 397 secundum
1356 348 1745 397 consuetudinem
1762 359 1988 413 portuum

381 421 699 485 predictorum
776 418 919 466 fuerit
999 416 1196 464 faciend'
1262 417 1308 463 in
1373 416 1620 480 premissis.
1709 415 1773 462 Et
1836 415 1990 462 dictus

646 487 880 548 Johannes
935 485 1149 550 queritur
1203 483 1333 548 quod
1402 483 1705 548 quamplures
1777 481 1990 529 homines

383 556 550 619 Plegii.
647 554 706 601 de
748 555 968 600 Dovorra
1015 568 1055 597 ei
1104 551 1343 597 minantur
1395 550 1453 597 de
1502 567 1696 613 corpore
1747 566 1832 596 suo
1880 548 1992 613 quia

651 619 948 684 persequitur
1018 635 1183 665 versus
1255 617 1396 681 ipsos,
1457 616 1673 664 videlicet
1732 616 1991 663 Nicholaus

383 701 476 736 atte
519 688 678 746 Halle,
728 688 938 733 Thomas
987 685 1193 749 Monyn,
1240 685 1400 731 Simon
1462 685 1665 748 Monyn,
1719 683 1992 730 Willelmus

383 757 439 803 de
490 757 669 812 Denne,
709 753 982 800 Willelmus
1022 751 1308 810 Armentier‚
1351 751 1431 816 qui
1474 750 1754 798 invenerunt
1797 749 1991 815 plegios,

384 822 597 870 videlicet
638 820 961 885 unusquisque
999 819 1181 884 plegius
1218 818 1420 876 alteriuS‚
1454 819 1582 893 quod
1615 818 1655 865 ei
1693 835 1773 881 per
1810 818 1991 864 nullum

383 891 593 954 ipsorum
629 889 890 952 dampnum
927 904 1008 933 seu
1045 885 1304 951 periculum
1340 886 1535 933 eveniet.

479 1020 709 1084 Imposita
744 1030 852 1066 sunt
885 1018 1087 1080 Johanni
1126 1018 1347 1066 Gibboun
1383 1018 1566 1066 diversa
1590 1018 1784 1065 crimina
1807 1036 1914 1084 que,
1942 1029 1994 1065 ut

387 1088 576 1144 dicitur,
606 1087 849 1134 tenderent
873 1087 1068 1134 domino
1094 1086 1210 1151 Regi
1236 1096 1282 1132 et
1308 1086 1507 1133 Custodi
1533 1087 1744 1149 predicto
1768 1086 1815 1133 in
1853 1103 1996 1151 grave

787 1164 1127 1217 contemptum.
1198 1153 1344 1216 Super
1377 1152 1551 1217 quibus
1584 1154 1738 1201 dictus
1760 1153 1997 1214 Johannes

789 1221 1031 1278 allocutus,
1074 1220 1204 1279 dicit,
1263 1237 1308 1266 se
1355 1220 1413 1267 de
1456 1220 1587 1268 nullo
1627 1221 1759 1285 quod
1800 1220 1998 1267 domino

790 1288 906 1352 Regi
949 1305 1028 1335 seu
1069 1287 1266 1335 domino
1306 1287 1504 1334 Custodi
1547 1289 1759 1335 tenderet
1801 1289 1845 1334 in
1885 1305 1994 1334 con-

389 1367 623 1420 temptum
649 1355 707 1402 de
734 1355 865 1402 nullo
889 1354 989 1402 fore
1015 1355 1307 1419 culpabilem,
1333 1365 1379 1401 et
1405 1355 1522 1418 petit
1542 1355 1673 1420 quod
1693 1355 1960 1419 inquiretur
1983 1370 1995 1410 ;

388 1424 465 1471 Set
501 1423 726 1488 cognovit
750 1434 797 1469 et
831 1421 1006 1469 fatetur
1035 1423 1165 1487 quod
1195 1438 1303 1468 cum
1329 1421 1521 1486 quidem
1547 1422 1795 1469 Michaelis
1820 1423 1997 1469 Bakere

388 1508 476 1566 pro
511 1489 708 1538 diversis
746 1489 1020 1536 criminibus
1057 1489 1253 1537 domino
1293 1489 1409 1553 Regi
1448 1488 1531 1535 sibi
1571 1489 1818 1552 impositis,
1861 1500 1907 1536 et
1950 1489 1996 1535 in

390 1558 577 1634 prisona
599 1558 657 1605 de
681 1557 920 1604 Sandwico
944 1556 1264 1613 detenebatur,
1284 1566 1330 1602 et
1350 1573 1430 1618 per
1450 1556 1710 1603 Custodem
1736 1556 1998 1620 predictum

382 1625 546 1690 jussus
570 1634 667 1671 erat
693 1624 739 1670 in
764 1624 952 1688 prisona
975 1624 1121 1671 teneri
1146 1624 1242 1670 sine
1266 1622 1602 1672 deliberacione
1627 1623 1758 1680 facta,
1787 1641 1844 1671 eo
1867 1624 1997 1688 quod

625 1690 745 1737 facta
808 1708 889 1738 sua
945 1691 1141 1739 domino
1202 1689 1319 1754 Regi
1378 1703 1529 1738 essent
1589 1691 1904 1756 prejudicialia
1946 1702 2000 1738 ut

391 1760 529 1806 Finis.
625 1757 939 1805 *dicicebatur
974 1759 1154 1805 dictum
1193 1757 1485 1804 Michaelum
1527 1758 1803 1805 deliberavit
1839 1769 2001 1806 contra

625 1824 871 1873 defensum
929 1826 1209 1888 predictum,
1268 1835 1315 1870 et
1373 1824 1480 1872 inde
1539 1826 1698 1889 posuit
1751 1843 1796 1872 se
1848 1825 2001 1891 gracia

393 1892 590 1950 domini,
633 1903 719 1940 etc.
796 1893 861 1940 Et
911 1893 1136 1939 deceteris
1187 1909 1279 1957 que
1333 1890 1417 1937 sibi
1456 1892 1757 1967 imponentur
1799 1910 1892 1940 non
1930 1906 1999 1940 est

627 1958 887 2023 culpabilis,
941 1971 986 2006 et
1028 1960 1145 2024 petit
1186 1958 1317 2024 quod
1359 1957 1640 2022 inquiratur.
1712 1960 1824 2007 Ideo
1863 1960 2001 2007 datus

392 2028 544 2091 Plegii.
625 2037 695 2073 est
735 2026 775 2072 ei
817 2026 916 2073 dies
961 2027 1083 2090 apud
1140 2028 1408 2074 Dovorram
1464 2027 1520 2073 ad
1568 2027 1806 2074 ecclesiam
1847 2027 1998 2074 Sancti

625 2094 785 2154 Jacobi
854 2094 928 2141 die
989 2094 1122 2154 Jovis
1181 2094 1398 2157 proximo
1455 2105 1558 2141 ante
1616 2093 1791 2142 festum
1847 2094 1999 2141 Sancti

396 2160 609 2224 Georgii.

493 2228 558 2274 Et
582 2238 694 2275 sunt
718 2227 817 2293 ejus
838 2239 1192 2291 manucaptores
1328 2228 1588 2275 Nicholaus
1620 2228 1889 2292 Eppeloun,

1330 2297 1499 2343 Petrus
1535 2296 1701 2353 Reade,

1332 2362 1573 2410 Arnaldus
1604 2364 1780 2418 Broun‚

1332 2430 1566 2476 Robertus
1589 2431 1647 2477 de
1672 2430 1923 2478 Caustone.

495 2638 730 2698 Johannes
748 2637 879 2685 Pirot
896 2637 1006 2685 tulit
1025 2638 1180 2685 billam
1201 2656 1363 2685 versus
1386 2639 1620 2704 Majorem
1648 2639 1754 2687 ville
1779 2641 1836 2688 de
1860 2641 2007 2688 Sand-

399 2705 513 2752 wico
554 2705 611 2752 de
653 2705 826 2770 placito
873 2706 1254 2771 transgressionis
1295 2718 1436 2771 prout
1480 2718 1605 2770 patet
1647 2708 1692 2753 in
1735 2708 1859 2755 dicta
1899 2709 2008 2756 billa
