2192 3342
479 267 566 313 142
952 252 1191 300 DOVER
1229 252 1600 301 CHARTERS

1125 385 1182 436 X
1202 385 1249 436 L
1263 385 1316 436 V
1334 385 1357 437 1
1378 386 1419 437 Ι.

924 617 953 670 ij
988 617 1285 668 Novembris,
1320 626 1347 669 4
1379 616 1501 660 Hen.
1536 616 1617 660 IV.

470 712 589 759 Hec
625 722 694 760 est
728 711 877 759 finalis
912 711 1163 759 concordia
1198 710 1319 759 facta
1357 711 1403 758 in
1429 711 1573 759 Curia
1597 711 1776 759 domini
1802 711 1924 776 regis
1948 721 2077 759 tenta

467 780 513 826 in
540 780 688 826 Portu
715 780 950 836 Dovorre,
976 779 1182 826 secundo
1206 778 1280 825 die
1306 778 1593 825 Novembris
1627 796 1752 826 anno
1775 779 1906 843 regni
1933 778 2077 842 Regis

468 846 718 905 Henrici,
709 846 801 911 iiij¹
825 858 931 910 post
956 856 1263 910 conquestum
1289 846 1480 910 Anglie,
1509 858 1695 910 quarto,
1740 862 1895 893 coram
1936 845 2077 893 Petro

468 914 641 972 Reade,
694 914 881 979 Majore
934 913 1188 960 Dovorre·
1178 949 1190 969 ,
1246 913 1447 960 Patricio
1499 914 1809 977 Saintoweyn‚
1858 912 2071 960 Ballivo·
2061 949 2074 970 ‚

463 981 677 1041 Johanne
715 979 985 1037 Evebroke,
1026 980 1236 1027 Roberto
1272 981 1446 1043 Aleyn,
1482 980 1692 1042 Juratis;
1740 991 1785 1027 et
1823 979 1923 1027 aliis
1959 979 2071 1027 dicti

463 1047 643 1094 domini
702 1048 824 1112 regis
881 1045 1096 1094 fidelibus
1153 1057 1268 1094 tunc
1326 1047 1500 1094 ibidem
1571 1047 1881 1112 congregatis,
1952 1047 2072 1093 inter

464 1115 702 1162 Thomam
740 1126 812 1162 ate
851 1114 1064 1162 Crouche
1100 1124 1147 1161 et
1186 1115 1465 1175 johannam,
1503 1132 1698 1162 uxorem
1723 1115 1837 1180 ejuS,
1861 1131 1917 1160 ex
1941 1125 2071 1178 parte

464 1199 569 1240 una,
616 1192 877 1247 querenteS,
924 1192 970 1229 et
1015 1181 1279 1242 Johannem
1328 1182 1480 1229 Court
1530 1193 1576 1229 et
1628 1181 1933 1247 Margeriam,
1973 1181 2072 1246 ejus

464 1266 677 1308 uxorem,
722 1266 778 1296 ex
819 1260 948 1313 parte
995 1249 1151 1305 altera,
1195 1247 1517 1306 deforciantes‚
1557 1249 1615 1296 de
1662 1266 1760 1296 uno
1801 1260 2071 1296 tenemento

462 1333 569 1363 cum
610 1316 803 1364 edificiis
842 1326 888 1362 et
929 1315 1028 1362 aliis
1068 1315 1364 1379 pertinenciis
1399 1315 1507 1374 suis,
1541 1316 1740 1364 scituato
1776 1315 1824 1362 in
1850 1316 2071 1363 Dovorra

461 1383 508 1430 in
545 1383 895 1448 Syngelswarde
933 1383 1058 1430 unde
1095 1382 1319 1446 placitum
1358 1383 1688 1430 convencionis
1725 1383 2070 1430 summonitum

459 1449 550 1498 fuit
575 1450 696 1498 inter
719 1451 908 1498 eosdem
933 1450 980 1496 in
1005 1449 1130 1497 dicta
1153 1450 1279 1496 curia
1301 1468 1309 1496 :
1350 1450 1436 1509 Ita,
1457 1450 1688 1509 videlicet,
1715 1451 1845 1515 quod
1872 1449 2067 1514 predicti

459 1519 696 1579 Johannes
720 1518 870 1566 Court
894 1528 940 1565 et
966 1517 1220 1581 Mai-geria,
1245 1517 1535 1576 summoniti,
1560 1528 1804 1575 venerunt,
1829 1528 1875 1564 et
1907 1533 2071 1582 recog-

459 1595 694 1632 noverunt
745 1585 928 1632 dictum
980 1595 1303 1631 tenementum
1353 1601 1460 1631 cum
1513 1585 1811 1648 pertinenciis
1861 1600 1957 1631 esse
1990 1584 2070 1650 jus

460 1653 670 1716 ipsorum
694 1652 882 1699 Thome
906 1661 952 1698 et
975 1652 1203 1713 Johanne,
1230 1652 1392 1700 uxoris
1415 1652 1531 1717 ejus,
1557 1663 1602 1699 et
1628 1652 1743 1699 illud
1782 1651 1846 1698 eis
1881 1651 2069 1699 remise-

459 1730 569 1766 runt
606 1730 652 1767 et
690 1719 1271 1784 quietam-clamaverunt:
1333 1719 1521 1766 tenend‘
1559 1731 1605 1766 et
1644 1718 1842 1766 habend’
1893 1719 2066 1766 eisdem

458 1787 646 1834 Thome
669 1797 715 1834 et
738 1787 968 1848 Johanne,
993 1785 1240 1833 heredibus
1263 1797 1309 1834 et
1345 1786 1586 1850 assignatis
1621 1786 1828 1852 ejusdem
1864 1786 2068 1844 Thome,

456 1854 598 1902 libere
635 1865 682 1901 et
719 1853 876 1918 quiete
908 1854 1288 1917 imperpetuum:
1330 1853 1544 1900 Preterea
1575 1865 1900 1900 concesserunt
1926 1853 2067 1900 iidem

456 1922 693 1982 Johannes
717 1932 762 1968 et
789 1921 1028 1986 Margeria
1051 1937 1137 1985 pro
1160 1938 1207 1968 se
1230 1931 1276 1968 et
1315 1921 1562 1968 heredibus
1599 1921 1807 1986 ejusdem
1842 1921 2069 1983 Johannis

455 1989 585 2053 quod
610 1989 695 2052 ipsi
720 1987 1090 2036 warantizabunt
1114 1988 1297 2036 dictum
1326 1999 1647 2035 tenementum
1685 2005 1793 2035 cum
1830 1988 2063 2053 pertinen-

455 2056 538 2102 ciis
563 2055 752 2119 prefatis
775 2056 964 2102 Thome
987 2067 1034 2102 et
1058 2056 1286 2116 Johanne,
1313 2055 1561 2103 heredibus
1586 2067 1631 2102 et
1667 2056 1908 2120 assignatis
1943 2055 2066 2121 ejus-

455 2123 563 2170 dem
589 2124 792 2180 Thome,
816 2134 981 2170 contra
1004 2139 1165 2170 omnes
1188 2134 1351 2188 gentes
1376 2124 1741 2187 imperpetuum.

1237 2334 1288 2365 11.

455 2420 649 2466 Scmwr
691 2429 926 2483 presentes
966 2429 1013 2465 et
1054 2417 1204 2465 futuri
1247 2417 1375 2482 quod
1420 2434 1504 2465 nos
1538 2417 1774 2479 Johannes
1815 2417 1966 2465 Court
2004 2416 2062 2464 de

455 2487 690 2543 Dovorra,
736 2485 995 2550 Margeria,
1039 2502 1158 2532 uxor
1200 2502 1315 2543 mea,
1353 2496 1398 2531 et
1444 2485 1652 2541 Martha,
1685 2495 1830 2531 mater
1853 2484 2059 2549 ejusdem

455 2554 707 2618 Margerie‚
765 2553 997 2611 dedimus,
1057 2553 1382 2609 concessimus,
1422 2564 1484 2610 et,
1543 2552 1626 2598 hac
1679 2552 1879 2615 presenti
1922 2562 2055 2606 carta,

455 2633 612 2668 nostra
653 2620 1033 2667 confirmavimus
1072 2620 1261 2666 Thome
1303 2631 1375 2666 ate
1417 2619 1631 2666 Crouche
1672 2619 1729 2665 de
1769 2619 1989 2665 Dovorra
2012 2630 2057 2665 et

450 2688 677 2764 Johanne,
704 2688 837 2734 uxori
864 2687 976 2752 ejus,
1004 2704 1152 2733 unum
1192 2698 1510 2733 tenementum
1547 2703 1655 2732 cum
1691 2686 1785 2732 suis
1821 2685 2057 2750 pertinen-

448 2755 530 2800 ciis
567 2756 817 2801 scituatum
856 2754 977 2801 infra
1016 2754 1277 2801 libertatem
1320 2754 1490 2800 Portus
1529 2754 1748 2800 Dovorre
1787 2752 1832 2798 in
1864 2751 2056 2816 Syngel-

445 2823 610 2880 warde,
664 2821 895 2879 videlicet,
951 2822 1071 2870 inter
1124 2833 1442 2869 tenementum
1490 2821 1678 2868 Thome
1723 2821 1852 2868 Lord
1896 2835 2054 2867 versus
