2192 3342
424 255 439 286 1
450 253 514 285 oo
898 234 1131 283 DOVER
1168 233 1534 283 CHARTERS

1069 430 1126 480 X
1144 429 1202 481 X
1219 429 1277 480 X
1296 429 1319 479 1
1340 429 1380 480 1.

979 563 1039 616 iiij
1074 562 1206 614 Maii,
1235 572 1263 615 4
1293 562 1393 606 Ric.
1427 562 1487 605 11.

426 686 695 732 RmAnous
735 683 807 731 dei
846 682 999 747 gracia
1037 683 1138 729 Rex
1174 681 1346 747 Anglie
1384 693 1429 728 et
1469 681 1670 740 ffrancie,
1709 693 1755 730 et
1794 682 2029 729 Dominus

424 751 656 798 Hibernie
678 767 691 809 3
727 750 945 798 omnibus
969 749 1026 797 ad
1051 766 1171 814 quos
1197 761 1434 814 presentes
1462 749 1614 796 littere
1648 749 2029 814 pervenerint,—

422 819 638 866 Salutem.

524 886 721 933 Constat
762 884 895 931 nobis
936 900 1016 948 per
1057 883 1397 947 inspeccionem
1440 882 1708 930 rotulorum
1750 882 2031 931 Cancellarie

423 952 603 1000 domini
630 952 706 1011 E„
731 969 880 1015 nuper
905 950 1048 1016 Regis
1070 950 1259 1016 Angfie,
1286 951 1360 998 avi
1387 950 1548 1008 nostri,
1579 951 1707 1016 quod
1744 950 1791 998 in
1827 951 2029 1016 quadam

425 1019 724 1067 ordinacione
749 1036 830 1084 per
855 1019 1007 1082 ipsum
1032 1034 1171 1065 avum
1197 1029 1409 1065 nostrum
1435 1019 1492 1066 de
1516 1035 1702 1065 assensu
1737 1017 2028 1065 Prelatorum

425 1087 668 1134 Comitum
703 1097 750 1134 et
797 1086 1031 1133 Baronum
1067 1085 1198 1150 regni
1235 1085 1304 1132 sui
1342 1085 1388 1131 in
1428 1085 1739 1132 Parliamento
1775 1101 1861 1131 suo
1887 1085 2031 1161 apud

426 1154 572 1202 Ebor’
627 1154 674 1200 in
723 1153 927 1200 crastino
976 1152 1279 1200 Ascensionis
1331 1152 1526 1198 Domini
1587 1169 1710 1198 anno
1768 1152 1899 1216 regni
1958 1152 2029 1198 sui

427 1238 553 1268 nono
590 1231 723 1268 tento
759 1230 1124 1268 convocatorum
1163 1236 1249 1283 pro
1287 1219 1488 1266 utilitate
1525 1219 1670 1294 ipsius
1706 1219 1779 1266 avi
1813 1219 1961 1266 nostri
1985 1230 2032 1266 et

425 1287 722 1336 subditorum
746 1304 941 1335 suorum
967 1285 1086 1334 facta
1109 1297 1155 1333 et
1191 1285 1393 1333 stabilita
1428 1287 1695 1334 continetur
1729 1286 1851 1333 inter
1886 1296 2034 1334 cetera

425 1355 649 1403 articulus
673 1354 1009 1418 infrascriptus‚
1034 1353 1319 1402 videlicet—

527 1424 591 1469 Et
612 1439 688 1486 que
711 1423 792 1470 nul
799 1423 977 1484 peleryn
991 1435 1120 1484 passe
1142 1422 1237 1468 hors
1261 1421 1311 1467 de
1340 1432 1475 1467 nostre
1494 1421 1668 1467 roialme
1686 1437 1784 1467 vers
1803 1421 1859 1467 les
1867 1421 2033 1482 parties

427 1491 479 1537 de
502 1490 596 1536 dela
609 1490 786 1553 fhrsque
809 1508 835 1535 a
863 1489 1064 1536 Dovorre
1088 1505 1182 1535 sous
1195 1490 1324 1549 peine
1347 1488 1398 1534 de
1423 1490 1759 1549 imprisonement
1780 1487 1868 1535 dun
1892 1503 1965 1534 an.

528 1557 633 1603 Nos
656 1567 813 1603 autem
837 1555 1087 1603 articulum
1113 1554 1376 1619 predictum
1400 1555 1457 1602 ad
1482 1554 1840 1619 requisicionem
1877 1554 2034 1601 dilecti

425 1623 651 1685 Johannis
704 1623 863 1683 Halle,
918 1622 1117 1687 Majoris
1169 1621 1375 1685 predicte
1429 1621 1539 1668 ville
1591 1622 1823 1679 Dovorre,
1874 1633 2035 1669 tenore

428 1691 715 1755 presencium
790 1690 1013 1737 duximus
1080 1688 1519 1753 exemplificandum
1588 1700 1634 1735 et
1704 1689 1920 1736 voluntes
1988 1699 2034 1735 et

427 1759 732 1806 concedentes
778 1757 908 1822 quod
955 1756 1194 1804 ordinacio
1252 1756 1459 1820 predicta
1517 1772 1612 1820 quo
1670 1757 1727 1803 ad
1784 1755 2033 1804 articulum

428 1825 690 1889 predictum
716 1841 821 1871 cum
846 1825 903 1872 ad
928 1840 1225 1871 communem
1251 1824 1411 1870 tendat
1436 1822 1684 1870 utilitatem
1721 1823 1851 1888 regni
1889 1823 2033 1870 nostri

429 1892 760 1940 inviolabiliter
785 1903 995 1938 teneatur
1019 1902 1065 1938 et
1088 1891 1283 1938 firmiter
1307 1890 1593 1938 observetur.

531 1960 584 2006 In
610 1959 740 2024 cujus
764 1959 826 2006 rei
852 1958 1173 2005 testimonium
1201 1959 1280 2004 has
1303 1958 1480 2004 litteras
1504 1968 1683 2004 nostras
1715 1957 1812 2004 fieri
1838 1956 2035 2004 fecimus

429 2037 650 2090 patentes.

530 2094 674 2140 Teste
712 2110 784 2139 me
822 2092 924 2156 ipso
960 2093 1082 2155 apud
1119 2091 1593 2138 Westmonasterium
1619 2102 1790 2156 quarto
1813 2091 1887 2138 die
1917 2091 2032 2138 Maii

431 2177 553 2207 anno
577 2160 707 2224 regni
734 2159 878 2206 nostri
905 2170 1086 2224 quarto.

437 2868 546 2931 [¹5]
