2181 3155
385 215 408 246 2
421 215 475 263 52
869 198 1107 246 DOVER
1145 197 1514 245 CHARTERS

383 333 516 380 nobis
574 331 764 397 prefatis
811 332 1034 397 magistro
1090 343 1136 378 et
1183 330 1496 378 confratribus
1542 347 1593 377 ac
1649 328 1990 377 successoribus

382 400 552 447 nostris
624 401 679 447 ad
755 401 979 447 terminos
1052 399 1343 462 supradictos
1406 398 1621 446 videlicet
1674 414 1735 444 xs.
1802 407 1988 443 monete

381 468 656 532 Anglicane,
695 479 745 514 ut
788 467 1052 530 predictum
1098 478 1200 513 est:
1253 466 1440 529 insuper
1478 465 1714 528 predictus
1757 463 1990 510 Robertus

380 535 525 582 Salter
560 536 735 598 obligat
760 551 805 580 se
842 535 1032 581 heredes
1066 545 1112 580 et
1148 534 1403 597 assignatos
1438 548 1545 579 suos
1579 531 1666 578 sub
1701 530 1989 578 forisfactura

380 602 519 650 istius
556 602 802 649 indenture
849 602 1118 648 obscervare
1163 612 1209 647 et
1253 601 1366 647 bene
1412 611 1457 646 et
1511 599 1711 646 fideliter
1756 598 1989 645 custodire

381 686 543 716 omnes
568 670 879 732 reparaciones
913 669 1150 716 dictorum
1175 668 1379 715 duorum
1416 666 1795 714 molendinorum
1820 676 1915 711 tam
1942 666 1988 712 in

381 736 600 784 domibus
646 752 785 800 quam
846 737 891 782 in
936 737 1159 782 maremio
1207 736 1250 781 in
1285 734 1416 798 aquis
1453 746 1498 780 et
1542 735 1587 780 in
1631 733 1848 779 omnibus
1889 732 1990 778 aliis

381 803 601 867 predictis
638 803 822 850 duobus
860 803 1141 849 molendinis
1193 801 1532 865 pertinentibus
1578 799 1844 864 sumptibus
1895 799 1990 846 suis

382 871 594 934 propriiS,
623 871 820 918 durante
845 871 1047 916 termino
1071 869 1339 932 supradicto
1362 888 1369 915 :
1409 881 1454 915 et
1479 869 1514 915 si
1553 868 1759 932 predicta
1782 867 1992 914 annualis

383 938 527 994 firma,
559 949 652 984 tam
687 938 744 985 de
780 954 874 984 uno
912 937 1200 992 molendino,
1227 954 1368 1001 quam
1406 937 1463 983 de
1499 935 1589 982 alio
1626 933 1989 999 [pre]dictorum

381 1005 775 1060 molendinorum,
800 1005 859 1051 sit
896 1015 1048 1051 aretro
1083 1004 1129 1050 in
1167 1016 1294 1067 parte
1331 1003 1403 1050 vel
1439 1004 1485 1049 in
1515 1014 1619 1049 toto
1655 1014 1758 1065 post
1791 1001 1990 1065 aliquem

380 1072 636 1119 terminum
678 1072 928 1118 solucionis
962 1072 1281 1136 prenominate
1320 1088 1400 1134 per
1439 1071 1707 1134 quindecim
1741 1069 1840 1116 dies
1878 1080 1989 1114 tunc

379 1140 562 1186 licitum
619 1139 707 1186 erit
757 1139 889 1185 nobis
948 1139 1169 1202 predictis
1217 1139 1442 1202 magistro
1487 1149 1533 1183 et
1585 1135 1896 1183 confratribus
1942 1152 1991 1181 ac

379 1207 718 1253 successoribus
742 1206 913 1253 nostris
947 1207 995 1252 in
1020 1206 1157 1253 dictis
1181 1205 1364 1252 duobus
1394 1205 1675 1251 molendinis
1699 1204 1988 1267 distringere,

380 1286 425 1321 et
450 1274 768 1322 districciones
803 1272 1161 1337 irreplegiabiles
1196 1272 1422 1319 abducere
1457 1283 1692 1335 asportare
1716 1283 1761 1317 et
1795 1270 1992 1316 retinere

380 1358 625 1405 quousque
659 1341 718 1387 de
752 1340 993 1405 arreragiis
1028 1340 1149 1387 dicte
1185 1340 1315 1386 firme
1350 1340 1409 1385 sit
1447 1339 1648 1402 plenarie
1686 1337 1819 1385 nobis
1859 1338 1992 1384 satis-

381 1407 557 1456 factum
586 1428 593 1455 :
634 1419 841 1472 preterea
881 1409 916 1454 si
955 1408 1163 1472 predicta
1191 1407 1288 1453 duo
1324 1406 1591 1452 molendina
1620 1405 1712 1451 sint
1746 1405 1991 1468 irreparata

380 1487 426 1522 et
465 1476 572 1522 inde
608 1476 809 1538 dampna
845 1486 972 1521 vasta
1006 1486 1051 1521 et
1090 1474 1370 1521 detrimenta
1411 1472 1530 1519 infra
1563 1473 1816 1519 terminum
1856 1471 1993 1519 unius

380 1544 486 1589 anni
541 1553 645 1606 post
692 1542 1064 1606 premuniciones
1123 1558 1203 1605 per
1253 1557 1337 1587 nos
1383 1541 1563 1588 dictum
1623 1540 1898 1603 magistrum
1944 1551 1990 1586 et

379 1609 650 1667 confratres,
676 1620 755 1656 aut
780 1626 861 1672 per
895 1621 1081 1656 nostros
1104 1608 1371 1672 assignatos,
1401 1606 1581 1671 prefato
1616 1607 1824 1653 Roberto
1847 1606 1991 1654 Salter

382 1677 629 1724 heredibus
652 1688 698 1724 et
734 1676 976 1741 assignatis
1008 1677 1102 1722 suis
1135 1676 1369 1722 dictorum
1411 1674 1787 1721 molendinorum
1816 1673 1916 1738 [ad]
1941 1690 1991 1720 ea

382 1743 641 1792 refacienda
699 1744 1061 1791 re-emendanda
1118 1754 1164 1790 et
1223 1743 1476 1806 reparanda
1545 1741 1701 1797 factaS,
1761 1752 1806 1787 et
1866 1741 1990 1788 idem

384 1812 618 1858 Robertus
641 1811 786 1858 Salter
821 1822 866 1858 et
902 1810 1119 1874 assignati
1158 1811 1226 1857 sui
1267 1827 1359 1856 non
1393 1809 1594 1873 plenarie
1627 1819 1673 1855 et
1710 1807 1990 1854 sufficienter

381 1896 432 1925 ea
455 1879 804 1925 emendaverint
829 1889 874 1925 et
910 1877 1292 1934 reedificaverint,
1318 1888 1489 1924 extunc
1524 1877 1639 1922 bene
1664 1875 1819 1922 licebit
1857 1874 1990 1922 nobis

382 1946 602 2010 predictis
629 1946 864 2009 Magistro
887 1956 931 1991 et
958 1944 1288 1992 Confratribus
1318 1955 1363 1990 et
1390 1944 1558 1990 nostris
1580 1942 1919 1990 successoribus
1942 1941 1989 1989 in

381 2012 658 2077 supradictis
680 2012 866 2060 duobus
901 2012 1181 2059 molendinis
1216 2028 1321 2058 cum
1357 2012 1530 2075 stagnis
1560 2022 1606 2057 et
1643 2010 1772 2074 aquis
1805 2020 1852 2056 et
1881 2025 1988 2056 cum

382 2080 600 2127 omnibus
623 2080 722 2126 aliis
745 2079 957 2143 superius
980 2079 1249 2141 specificatis
1274 2079 1494 2125 reintrare
1512 2089 1557 2125 et
1583 2078 1659 2124 illa
1683 2077 1914 2132 rehabere,
1939 2092 1989 2123 ac

382 2148 430 2194 in
474 2147 671 2210 pristino
712 2157 835 2193 statu
873 2163 961 2192 suo
997 2163 1049 2192 ea
1101 2146 1351 2209 possidere,
1392 2145 1688 2209 dictum[que
1730 2144 1987 2191 Robertum

383 2215 528 2261 Salter
551 2225 596 2260 et
621 2213 896 2277 assignatos]
929 2230 1037 2259 suos
1074 2212 1182 2259 inde
1207 2212 1412 2259 totaliter
1445 2212 1672 2275 expellere
1703 2222 1749 2258 et
1774 2227 1988 2259 amovere

383 2282 760 2344 imperpetuum:
820 2292 866 2327 et
915 2298 998 2326 nos
1046 2280 1239 2343 predicti
1288 2279 1506 2343 magister
1552 2291 1597 2326 et
1645 2277 1900 2325 confratres
1939 2293 1989 2324 ac

385 2349 529 2395 nostri
553 2364 833 2394 successores
856 2348 979 2394 dicta
997 2348 1092 2394 duo
1118 2346 1384 2393 molendina
1407 2347 1629 2410 aquatica,
1649 2362 1738 2409 que
1764 2357 1988 2392 vocantur

387 2415 839 2478 Rakestravysmelle
879 2426 924 2460 et
969 2414 1299 2471 Asschemelle‚
1337 2431 1441 2460 cum
1485 2413 1702 2460 omnibus
1742 2413 1838 2459 suis
1884 2428 1988 2475 per-

384 2483 595 2529 tinenciis
620 2482 762 2528 modo
790 2493 835 2528 et
872 2480 1021 2528 forma
1052 2481 1263 2544 superius
1297 2481 1537 2528 nominato
1569 2478 1749 2544 prefato
1784 2479 1988 2526 Roberto

382 2551 526 2596 Salter
562 2548 808 2595 heredibus
841 2560 886 2594 et
916 2549 1155 2612 assignatis
1190 2548 1283 2594 suis
1319 2547 1721 2594 warantizabimus
1755 2547 1987 2610 acquieta-

385 2617 537 2663 bimus
561 2627 605 2662 et
639 2615 944 2662 defendemus
980 2626 1140 2662 contra
1172 2632 1336 2662 omnes
1372 2627 1532 2679 gentes
1555 2616 1752 2662 durante
1790 2613 1987 2660 termino

382 2683 662 2747 supradictO.

487 2750 538 2796 ln
598 2750 727 2814 cujus
775 2750 835 2795 rei
884 2749 1205 2796 testimonium
1266 2749 1344 2794 uni
1394 2750 1510 2811 parti
1571 2747 1858 2811 presencium
1918 2747 1987 2792 in-

384 2819 686 2865 denturarum
714 2834 852 2880 penes
888 2817 1066 2863 dictum
1096 2816 1353 2863 Robertum
1392 2817 1646 2863 remanenti
1686 2831 1770 2860 nos
1796 2812 1984 2877 predicti
