2181 3155
296 168 393 216 430
775 151 1009 200 DOVER
1044 150 1415 201 CHARTERS

296 285 517 350 placitum
554 285 885 333 convencionis
917 285 1261 332 summonitum
1297 283 1390 333 fuit
1421 284 1543 332 inter
1566 301 1645 332 eos
1669 285 1716 332 in
1739 285 1900 333 eadem

297 353 452 401 Curia.
522 351 720 410 Scilicet,
758 353 887 417 quod
917 352 1112 416 predicti
1140 351 1377 399 Robertus
1407 351 1601 415 Hedley
1628 362 1675 400 et
1700 352 1901 400 Kather-

295 420 387 478 ina,
447 436 568 468 uxor
623 419 737 485 ejus,
790 419 1084 479 summoniti,
1137 429 1386 478 venerunt,
1431 430 1479 466 et
1524 431 1902 484 recognoverunt

295 487 544 552 gardinum
586 486 851 550 predictum
899 502 1006 533 cum
1047 485 1143 532 suis
1183 485 1480 550 pertinenciis
1516 503 1613 533 esse
1643 485 1723 551 jus
1759 485 1904 550 ipsius

295 553 523 615 Johannis
559 553 725 611 Lucas,
763 564 816 600 ut
854 552 932 600 illa
968 570 1059 618 que
1097 552 1221 600 idem
1257 552 1494 613 Johannes
1531 552 1668 600 habet
1695 570 1751 600 ex
1775 553 1903 601 dono

297 621 618 685 predictorum
673 619 867 668 Roberti
920 631 967 667 et
1020 619 1291 677 Katherine,
1338 636 1389 666 ac
1429 619 1496 666 illi
1539 620 1817 667 remiserunt
1856 631 1902 667 et

297 689 510 753 quietum
529 687 848 734 clamaverunt
867 687 924 734 de
943 686 1053 750 ipsis
1073 687 1285 734 Roberto
1302 697 1348 734 et
1369 687 1635 744 Katherina,
1654 698 1700 734 et
1719 687 1904 734 heredi-

297 755 383 803 bus
417 771 627 812 suorum‚
663 771 713 801 ac
748 753 996 801 heredibus
1030 754 1218 801 alterius
1249 770 1430 811 eorum,
1462 755 1675 818 predicto
1697 754 1901 816 Johanni

302 824 469 879 Lucas,
527 832 574 869 et
630 820 877 868 heredibus
935 821 1080 885 ipsius
1127 821 1355 882 Johannis
1400 821 1764 886 imperpetuum.
1837 821 1903 869 Et

297 901 504 955 preterea
538 888 680 935 iidem
718 888 950 935 Robertus
986 887 1179 952 Hedley
1213 899 1260 935 et
1298 888 1555 935 Katherina
1578 900 1903 936 concesserunt

297 974 384 1021 pro
419 973 466 1004 se
501 966 547 1002 et
584 955 830 1002 heredibus
863 955 974 1011 suis,
1010 972 1060 1002 ac
1086 955 1333 1003 heredibus
1356 956 1547 1003 alterius
1569 972 1748 1012 eorum,
1773 955 1902 1019 quod

296 1025 382 1089 ipsi
440 1021 812 1071 warantizabunt
861 1021 1073 1085 predicto
1117 1022 1320 1084 Johanni
1367 1022 1518 1070 Lucas
1563 1033 1610 1070 et
1655 1021 1905 1070 heredibus

295 1092 388 1139 suis
429 1089 693 1154 predictum
738 1088 989 1153 gardinum
1036 1105 1143 1136 cum
1191 1088 1488 1153 pertinenciis
1525 1100 1686 1137 contra
1721 1089 1904 1153 predic-

297 1171 398 1207 tum
425 1156 688 1205 Robertum
720 1167 766 1202 et
802 1156 1121 1213 Katherinam‚
1158 1167 1203 1203 et
1240 1156 1433 1203 heredes
1468 1173 1591 1214 suOS,
1629 1173 1679 1204 ac
1711 1156 1904 1204 heredes

294 1225 482 1274 alterius
515 1239 681 1271 eorum
716 1222 1067 1286 imperpetuum
1105 1240 1186 1287 per
1221 1234 1470 1287 presentes.

397 1291 506 1339 Hec
539 1290 664 1337 enim
700 1289 849 1336 finalis
885 1289 1135 1337 concordia
1169 1290 1408 1337 recordata
1439 1289 1486 1336 in
1513 1289 1640 1336 Aula
1664 1291 1831 1338 Dovor
1855 1290 1901 1337 in

297 1360 416 1408 libro
440 1369 608 1405 vocato
631 1356 707 1414 V.,
732 1355 848 1404 folio
871 1355 1003 1422 lxiiij.

301 2081 440 2146 [¹55]
