2181 3155
341 221 437 267 330
815 201 1052 249 DOVER
1089 199 1461 248 CHARTERS

996 336 1053 386 X
1070 335 1116 387 C
1131 335 1185 386 V
1203 335 1226 385 1
1248 335 1289 385 1.

769 465 875 494 xxx
907 451 1084 502 Martii,
1131 460 1181 502 13
1223 450 1344 493 Hen.
1375 450 1510 492 VIII.

337 558 620 605 NovmuNT
661 557 865 604 universi
910 573 990 620 per
1039 566 1276 619 presentes
1328 571 1401 600 me
1455 554 1696 618 Rogerum
1739 553 1944 611 Winter,

336 626 554 672 clericum
606 636 653 672 et
706 623 1016 688 presbiterum
1065 623 1315 669 secularem
1361 623 1420 669 de
1467 620 1621 667 altaris
1672 621 1945 667 Sanctorum

336 692 571 740 Anthonii
613 703 658 739 et
701 691 911 747 Barbare,
951 692 997 736 in
1036 689 1223 736 ecclesia
1258 688 1520 735 beatissime
1556 687 1765 752 Virginis
1792 688 1945 734 Marie

338 760 457 806 infra
504 761 663 806 villam
710 759 903 815 Calesie,
952 758 1275 821 capellanum:
1339 755 1547 802 unanimi
1606 772 1661 801 ex
1716 771 1942 801 consensu

339 827 498 874 matris
523 843 621 873 mee
645 836 691 872 et
717 826 806 872 mei
832 826 1080 889 assignasse
1106 824 1266 870 fecisse
1291 824 1535 886 deputasse
1562 824 1758 886 locoque
1786 834 1944 869 nostro

339 895 542 958 posuisse
580 905 626 940 et
664 892 958 939 constituisse
996 892 1192 938 dilectos
1231 890 1364 937 nobis
1400 891 1445 936 in
1473 890 1630 937 Cristo
1658 889 1943 936 Nicholaum

339 962 538 1020 Cockes,
576 972 621 1007 et
661 960 953 1006 ffranciscum
997 960 1132 1015 Stele,
1169 960 1226 1006 de
1271 957 1378 1003 villa
1423 959 1638 1004 Dovorre
1686 957 1942 1020 indigenas,

337 1046 386 1075 ac
430 1044 817 1092 unumquemque
858 1043 1038 1082 eorum,
1081 1025 1366 1090 conjunctim
1409 1036 1454 1070 et
1503 1024 1707 1080 divisim,
1761 1037 1945 1070 nostros

339 1112 473 1143 veros
513 1107 559 1142 et
600 1095 834 1160 legitimos
876 1094 922 1140 in
965 1094 1047 1140 hac
1089 1105 1219 1157 parte
1260 1104 1533 1147 attornatos,
1562 1091 1945 1156 indubitatosque

337 1174 660 1228 procuratores
695 1173 740 1208 et
777 1161 972 1208 factores
1007 1162 1063 1208 ad
1099 1160 1325 1225 exigend’,
1367 1159 1564 1214 levand‘‚
1603 1158 1868 1221 recipiend’,
1898 1170 1942 1205 et

338 1230 636 1294 recuperand'
691 1245 777 1292 pro
827 1229 974 1285 nobis,
1019 1227 1286 1274 nominibus
1326 1243 1516 1291 quoque
1559 1227 1744 1282 nostriS‚
1787 1226 1944 1272 omnia

337 1299 458 1345 bona
496 1297 685 1344 mobilia
723 1295 882 1342 catalla
920 1313 969 1342 ac
1006 1295 1161 1342 debita
1196 1295 1392 1341 domino
1413 1293 1616 1354 Johanni
1647 1294 1810 1350 Recht,
1836 1293 1944 1339 alias

340 1365 541 1422 Fissher,
568 1363 840 1428 presbitero,
883 1363 998 1409 dum
1041 1363 1173 1419 vixit,
1215 1361 1469 1425 spectantia
1509 1362 1605 1406 sive
1648 1360 1941 1424 pertinentia,

336 1445 382 1480 et
403 1433 551 1488 nobis,
573 1432 749 1478 ratione
769 1430 926 1476 obitus
941 1430 978 1494 ej
988 1446 1134 1494 usque
1150 1446 1204 1475 ex
1221 1430 1308 1475 hoc
1323 1428 1479 1475 seculo
1503 1427 1941 1492 transmigrationiS,

338 1501 565 1557 descensa,
592 1499 648 1546 ab
677 1498 896 1545 omnibus
923 1508 970 1544 et
1000 1497 1196 1561 singulis
1221 1496 1429 1560 personis
1453 1512 1505 1542 ea
1524 1495 1817 1551 habentibus,
1844 1507 1940 1541 ten-

336 1568 596 1626 entibuS,et
614 1564 985 1612 custodientibus
1000 1581 1050 1611 ac
1067 1563 1360 1611 debentibus:
1384 1564 1562 1610 Dantes
1576 1575 1621 1609 et
1639 1563 1942 1610 concedentes

337 1634 559 1697 predictis
583 1633 829 1679 attornatis
855 1632 1026 1678 nostris
1050 1632 1233 1694 plenam
1266 1643 1311 1678 et
1349 1631 1655 1677 sufficientem
1692 1630 1943 1676 auctorita·

337 1713 433 1748 tem
475 1712 752 1764 potestatem
794 1710 839 1746 et
883 1699 1154 1746 mandatum
1197 1697 1406 1762 speciale,
1450 1698 1627 1744 ratione
1668 1709 1713 1743 et
1754 1696 1940 1744 defectu

335 1768 699 1826 deliberationis,
725 1766 1035 1814 restitutionis
1074 1766 1306 1813 bonorum
1332 1782 1382 1812 ac
1409 1781 1500 1811 non
1526 1764 1779 1811 solucionis
1802 1765 1942 1811 dena-

336 1836 516 1882 riorum
565 1852 646 1898 per
692 1850 1037 1898 quamcumque
1095 1850 1339 1896 personam
1397 1849 1476 1878 seu
1535 1848 1753 1895 personas
1815 1832 1943 1878 dicto

336 1903 533 1950 domino
550 1902 749 1964 Johanni
772 1902 889 1948 dum
905 1901 1023 1948 vixit
1040 1901 1311 1948 debitorum
1332 1911 1377 1946 et
1398 1899 1810 1964 appertinentium,
1829 1910 1874 1944 et
1894 1916 1943 1945 ea

337 1970 579 2016 restituere
615 1969 749 2016 dictis
784 1969 1026 2015 attornatis
1063 1968 1393 2031 impugnantes
1439 1979 1483 2013 et
1533 1966 1938 2012 contradicentes:

335 2054 496 2084 omnes
521 2036 792 2101 hujusmodi
817 2046 979 2100 gentes
1014 2035 1050 2081 si
1089 2052 1268 2081 necesse
1306 2033 1446 2080 fuerit
1482 2033 1692 2080 arrestari
1730 2032 1942 2088 faciend',

336 2104 660 2160 incarcerand’,
680 2115 726 2150 et
749 2114 879 2148 extra
904 2119 1128 2149 carcerem
1154 2102 1437 2149 deliberand’
1462 2112 1600 2164 atque
1626 2099 1942 2163 implacitand’

335 2183 380 2218 et
407 2170 714 2235 prosequend'
741 2169 905 2234 placita
929 2181 974 2216 et
1012 2169 1360 2232 prosecutiones
1397 2185 1556 2214 versus
1593 2184 1686 2223 eos,
1712 2179 1756 2213 et
1782 2183 1942 2214 omnes

336 2256 386 2285 ac
425 2254 809 2301 unumquemque
846 2253 931 2299 pro
968 2236 1099 2282 nobis
1130 2236 1396 2282 nominibus
1421 2235 1591 2281 nostris
1615 2235 1871 2282 sustinend’
1895 2246 1941 2281 et

335 2306 641 2360 sustentand’,
668 2305 714 2350 in
739 2304 1112 2368 quibuscumque
1137 2303 1276 2349 curiis
1299 2315 1343 2348 ct
1377 2319 1529 2348 coram
1568 2302 1943 2365 quibuscumque

335 2372 581 2434 Judicibus
615 2383 660 2418 et
696 2370 972 2432 justiciariis
1007 2387 1213 2434 quorum
1239 2371 1446 2427 interest,
1473 2370 1589 2416 adeo
1626 2369 1799 2432 precise
1822 2368 1940 2415 sicut

338 2441 410 2487 lex
434 2440 578 2504 exigit
603 2450 648 2485 et
675 2438 868 2502 requirit
894 2457 901 2484 :
941 2448 986 2484 et
1011 2438 1068 2484 de
1094 2438 1287 2500 receptis
1313 2436 1584 2502 hujusmodi
1623 2437 1668 2482 in
1707 2436 1789 2482 hac
1814 2448 1943 2500 parte

337 2506 659 2571 acquietanciis
701 2522 786 2569 pro
830 2505 960 2550 nobis
1000 2515 1044 2550 et
1090 2505 1357 2550 nominibus
1399 2504 1567 2550 nostris
1613 2502 1942 2566 componend',

337 2574 567 2638 sigilland'
593 2586 637 2619 et
662 2573 976 2618 deliberand’:
1017 2572 1283 2635 Omniaque
1325 2571 1409 2617 alia
1451 2583 1494 2616 et
1538 2570 1719 2634 singula
1761 2587 1853 2633 que
1895 2570 1939 2615 in

340 2641 572 2705 premissis
599 2651 643 2686 et
681 2641 798 2685 circa
833 2657 883 2685 ea
922 2639 1167 2685 necessaria
1202 2656 1280 2683 sen
1307 2638 1550 2701 quomodo
1577 2637 1685 2683 libet
1711 2649 1941 2700 oportuna

340 2726 424 2771 pro
443 2708 573 2754 nobis
588 2719 633 2753 et
652 2706 920 2753 nominibus
938 2706 1148 2768 [nostris]
1168 2705 1377 2761 facicnd',
1394 2705 1652 2758 exercend',
1667 2703 1941 2767 exequend',

337 2787 382 2822 et
408 2774 699 2840 expediend’,
725 2774 840 2820 adeo
866 2773 995 2836 plene
1020 2785 1064 2818 et
1091 2773 1270 2838 integre
1307 2784 1447 2836 prout
1488 2789 1569 2819 nos
1605 2772 1940 2818 constituentes

2134 1330 2146 1422 ‘vv-‘-
