2192 3342
421 260 479 308 32
902 247 1132 294 DOVER
1169 246 1538 294 CHARTERS

1128 378 1186 429 X
1201 378 1255 429 V
1272 378 1314 431 1.

907 495 982 538 die
1010 494 1154 546 Junii,
1184 493 1238 537 28
1269 493 1476 537 Edward
1507 493 1541 537 1.

421 599 633 648 ΡΑΤΕΛΤ
675 597 905 646 universis
946 608 1207 661 presentem
1253 608 1428 644 cartam
1467 597 1637 645 visuris
1679 599 1751 645 vel
1792 598 2023 646 audituris

416 667 545 732 quod
568 667 803 727 Johannes
827 665 950 712 filius
975 664 1205 711 Willelmi
1231 665 1290 712 de
1324 665 1451 711 Aula
1473 664 1531 712 de
1557 666 1775 713 Dovorra
1797 667 2023 714 concessit

415 745 462 781 et
486 733 665 781 dimisit
692 733 894 779 Ricardo
918 732 1048 779 dicto
1070 732 1223 779 Smart
1246 732 1305 779 de
1330 733 1550 779 Dovorra
1572 744 1619 780 et
1656 732 1850 780 Matildi
1886 733 2023 780 uxori

415 818 494 848 sue
541 818 680 847 unam
728 811 898 846 terram
946 816 1052 846 cum
1109 799 1205 846 suis
1262 799 1560 862 pertinenciis
1609 799 1844 865 jacentem
1902 799 2024 848 infra

413 869 676 915 libertatem
718 867 888 914 Portus
925 866 1134 914 Dovorie
1166 866 1214 913 in
1240 866 1618 931 Georgeswarde,
1644 867 1877 925 videlicet,
1901 867 2024 915 inter

415 947 586 983 terram
614 935 884 998 Margarete
920 933 1011 980 filie
1048 933 1233 981 Ricardi
1275 933 1545 999 Godespeni
1583 952 1745 982 versus
1782 936 2022 993 suthwest‚

415 1014 461 1050 et
500 1004 620 1049 inter
658 1013 830 1049 terram
872 1001 1074 1048 Henrici
1100 1000 1316 1048 Caboche
1342 1018 1503 1049 versus
1527 1002 1755 1059 northest,
1779 1014 1826 1050 et
1851 1003 2022 1067 capitat

415 1070 471 1117 ad
497 1069 700 1116 falesiam
725 1069 864 1116 maris
889 1085 1050 1116 versus
1074 1069 1273 1127 suthest‚
1290 1079 1336 1115 et
1361 1069 1417 1115 ad
1442 1068 1618 1133 regiam
1643 1080 1835 1117 stratam
1860 1086 2023 1117 versus

416 1137 684 1196 northwest,
718 1136 916 1183 habend‘
954 1147 1001 1183 et
1037 1136 1225 1184 tenend'
1255 1136 1469 1200 predicto
1506 1136 1708 1185 Ricardo
1742 1148 1789 1184 et
1826 1136 2021 1184 Matildi

417 1205 550 1252 uxori
591 1221 671 1251 sue
711 1215 758 1251 et
799 1203 1046 1251 heredibus
1085 1220 1249 1250 eorum
1291 1203 1366 1250 vel
1406 1203 1648 1269 assignatis
1688 1204 1830 1251 libere
1865 1204 2022 1269 quiete

417 1272 531 1318 bene
555 1282 601 1318 et
626 1271 811 1335 pacifice
827 1271 934 1336 jure
953 1271 1234 1318 hereditario
1252 1271 1619 1335 inperpetuum,
1607 1287 1617 1297 ·
1656 1271 1881 1318 reddend’
1914 1272 2023 1319 inde

415 1339 657 1386 annuatim
714 1338 927 1402 predicto
981 1338 1184 1399 Johanni
1242 1349 1288 1385 et
1346 1338 1591 1385 heredibus
1648 1339 1743 1385 suis
1799 1338 1875 1386 vel
1926 1340 2022 1386 suis

416 1406 659 1471 assignatis
705 1417 908 1470 quatuor
954 1406 1128 1453 solidos
1173 1406 1507 1469 sterlingorum
1559 1406 1617 1452 ad
1664 1417 1868 1471 quatuor
1913 1406 2022 1453 anni

417 1474 657 1530 terminos,
684 1473 915 1530 videlicet,
941 1473 998 1520 ad
1024 1472 1243 1519 Natalem
1268 1473 1464 1520 Domini
1490 1473 1618 1530 xiid„
1651 1484 1697 1520 et
1726 1473 1782 1520 ad
1820 1474 2022 1521 mediam

416 1540 818 1605 quadragesimam
842 1540 968 1599 xiid„
995 1540 1042 1586 in
1068 1539 1189 1587 festo
1213 1540 1363 1587 Sancti
1398 1540 1627 1601 Johannis
1664 1540 1871 1604 Baptiste
1894 1541 2021 1606 xijd„

415 1619 462 1655 et
509 1608 555 1654 in
603 1606 725 1654 festo
770 1607 922 1654 Sancti
972 1607 1219 1654 Michaelis
1264 1607 1410 1672 xijd.:
1451 1607 1516 1654 Et
1562 1606 1759 1654 faciend‘
1807 1607 2023 1655 similiter

415 1674 664 1722 servicium
703 1674 882 1722 domini
922 1675 1044 1738 regis
1081 1674 1325 1739 quosciens
1363 1673 1461 1721 fieri
1488 1675 1736 1739 contigerit
1761 1676 2020 1723 secundum

415 1742 801 1790 consuetudinem
828 1742 1069 1789 Dovorie:
1110 1742 1174 1789 Et
1204 1742 1442 1805 predictus
1477 1742 1714 1803 Johannes
1747 1753 1794 1790 et
1829 1743 2022 1790 heredes

415 1810 485 1857 sui
524 1809 597 1856 vel
634 1809 849 1874 assignati
887 1808 1257 1856 warantizabunt
1293 1809 1550 1873 predictam
1578 1821 1749 1856 terram
1785 1826 1891 1856 cum
1927 1810 2024 1857 suis

416 1877 714 1942 pertinenciis
755 1876 967 1940 predicto
1010 1877 1212 1923 Ricardo
1251 1886 1298 1923 et
1342 1876 1535 1924 Matildi
1577 1888 1622 1924 et
1656 1877 1904 1924 heredibus
1927 1877 2021 1925 suis

416 1944 489 1991 vel
531 1943 771 2008 assignatis
811 1954 973 1991 contra
1012 1961 1174 1990 omnes
1215 1945 1434 1990 mortales
1475 1944 1836 2008 inperpetuum:
1877 1944 1942 1992 Et
1982 1945 2020 1993 si

417 2012 653 2075 predictus
699 2010 906 2057 redditus
954 2012 1000 2057 in
1046 2011 1140 2057 suis
1190 2011 1402 2057 terminis
1459 2011 1680 2074 predictis
1737 2012 2019 2069 detineatur,

414 2079 596 2125 licitum
621 2089 691 2125 est
715 2078 928 2142 predicto
951 2078 1151 2138 Johanni
1177 2089 1222 2124 et
1259 2078 1506 2125 heredibus
1541 2078 1635 2125 suis
1671 2078 1743 2124 vel
1781 2078 2022 2144 assignatis

416 2146 677 2209 predictam
725 2157 896 2192 terram
944 2162 1024 2208 per
1070 2145 1226 2191 omnia
1271 2147 1599 2208 superinventa
1651 2145 1927 2211 distringere
1972 2158 2019 2193 et

414 2212 729 2260 districtiones
774 2212 982 2259 detinere
1030 2228 1175 2276 usque
1227 2212 1281 2258 ad
1336 2212 1531 2275 predicti
1586 2213 1798 2260 redditus
1839 2213 2018 2260 detenti

415 2281 598 2343 plenam
639 2279 934 2336 solutionem,
979 2289 1025 2326 et
1067 2295 1212 2344 usque
1264 2280 1319 2326 ad
1369 2279 1752 2327 restaurationem
1803 2281 2016 2327 omnium

414 2363 722 2411 expensarum
745 2363 797 2393 ea
820 2347 1000 2393 actione
1026 2346 1294 2393 habitururn
1319 2363 1398 2393 seu
1423 2346 1634 2393 habend’.

517 2414 568 2460 In
612 2413 749 2478 hujus
788 2425 945 2460 autern
988 2413 1052 2459 rei
1093 2413 1413 2460 testimonium
1457 2425 1608 2477 partes
1657 2413 1861 2477 predicte
1916 2431 2020 2478 pre-

415 2482 621 2528 sentibus
644 2480 794 2545 sigilla
817 2498 898 2527 sua
921 2480 1182 2527 alternatim
1207 2492 1521 2544 apposuerunt
1547 2497 1702 2527 mense
1732 2481 1860 2541 Junii
1897 2498 2019 2528 anno

415 2548 544 2613 regni
571 2549 692 2613 regis
718 2548 950 2604 Edwardi,
981 2547 1060 2594 filii
1088 2547 1209 2611 regis
1235 2547 1450 2605 Henrici,
1477 2548 1698 2595 vicesimo
1722 2559 1902 2595 octavo.

519 2615 632 2662 Hiis
656 2614 865 2671 testibus,
889 2615 1101 2676 Johanne
1139 2616 1195 2661 de
1237 2615 1377 2672 Mari,
1405 2627 1514 2661 tunc
1554 2615 1738 2679 Majore
1775 2616 2017 2671 Dovorie;

417 2682 668 2729 Valentino
692 2683 748 2729 de
774 2682 902 2739 Bere,
924 2694 1034 2729 tunc
1061 2682 1240 2728 Ballivo
1263 2698 1273 2737 ;
1315 2682 1517 2728 Ricardo
1538 2682 1716 2728 Archer
1738 2697 1750 2737 ;
1789 2681 2020 2728 Nicholao

416 2749 553 2796 fratre
589 2766 707 2804 suo;
746 2749 932 2795 Thoma
970 2750 1177 2804 Breton3
1215 2749 1401 2794 Thoma
1437 2748 1696 2805 Tinctore;
1733 2749 1921 2795 Thoma
1962 2749 2019 2796 de

417 2816 638 2862 Chiltone
661 2833 672 2872 ;
713 2816 920 2863 Roberto
944 2817 1001 2862 de
1028 2817 1302 2863 Bocklonde
1324 2832 1335 2871 ;
1372 2816 1585 2876 Johanne
1621 2816 1678 2862 de
1714 2815 1982 2862 Stormothe
2004 2832 2016 2871 ;

413 2884 624 2943 Johanne
677 2883 908 2938 Golofre3
946 2884 1131 2930 Simone
1187 2883 1476 2939 Wluenoth;
1518 2882 1731 2928 chrico
1775 2882 2016 2939 Caboche;

414 2962 459 2996 et
498 2951 655 2997 multis
690 2950 799 2997 aliis,

414 3017 547 3081 [186.
586 3016 771 3083 188-31]
