2181 3155
403 222 500 284 364
882 219 1120 267 DOVER
1157 217 1526 267 CHARTERS

1112 350 1158 402 C
1176 350 1230 401 V
1250 350 1292 401 1.

919 479 990 509 xx
1018 465 1148 518 Julii,
1177 464 1205 507 6
1235 465 1369 508 Edw.
1400 464 1483 507 VI.

402 571 592 619 SclANT
625 581 860 636 presentes
884 580 931 616 et
955 567 1105 616 futuri
1126 568 1257 633 quod
1281 583 1386 632 ego,
1414 566 1642 614 Ricardus
1669 564 1876 622 Collard,
1899 561 2008 611 dedi

403 639 603 685 concessi
651 649 698 685 et
748 639 831 684 hac
878 635 1077 701 presenti
1134 646 1260 683 carta
1304 651 1406 681 mea
1446 634 1686 681 indentata
1732 629 2008 679 confirmavi

406 706 620 753 Henrico
654 706 825 768 Jekyn,
864 715 909 750 et
945 702 1149 765 Johanni
1184 701 1322 764 Jolle,
1349 718 1499 748 unum
1535 700 1826 763 mesuagium
1862 713 2008 744 unum

405 774 669 837 pomarium
694 783 741 819 et
777 788 949 818 novem
973 787 1095 817 acras
1119 781 1165 816 et
1197 769 1441 816 dimidiam
1465 785 1616 815 acram
1652 779 1771 814 terre
1795 777 1842 813 et
1868 764 2011 822 bosci,

405 841 529 887 unde
570 840 753 886 dictum
790 837 1079 902 mesuagium
1117 836 1379 900 pomarium
1412 847 1459 882 et
1496 835 1587 882 due
1623 851 1724 881 acra
1757 846 1880 882 terre
1915 831 2011 880 sive

405 908 559 954 minus
593 907 690 953 sive
723 903 956 970 minus(!)
993 921 1101 951 cum
1134 903 1430 967 pertinenciis
1458 902 1614 967 jacent
1649 912 1695 948 et
1727 901 1936 948 existunt
1965 899 2011 946 in

405 974 623 1038 parochia
656 973 715 1020 de
752 971 1005 1036 Swynfeld,
1031 972 1078 1018 in
1115 971 1359 1018 Comitatu
1395 970 1584 1026 Kaucie,
1612 968 1736 1032 apud
1773 967 2012 1033 quoddam

405 1042 562 1088 locum
593 1039 849 1104 vulgariter
885 1049 1209 1102 nuncupatum
1245 1038 1485 1101 Everyng,
1520 1037 1576 1083 ad
1613 1037 1788 1101 regiam
1824 1045 2013 1082 stratam

405 1109 578 1156 ibidem
602 1124 766 1155 versus
801 1107 958 1162 south,
984 1117 1030 1153 et
1055 1106 1262 1169 predicte
1297 1115 1477 1168 septem
1501 1121 1601 1151 acre
1625 1115 1671 1151 et
1695 1102 1891 1150 dimidia
1913 1117 2014 1147 acra

406 1187 527 1223 terre
551 1186 597 1222 et
623 1175 748 1222 bosci
774 1173 1064 1238 conjunctim
1082 1173 1238 1238 jacent
1264 1172 1311 1218 in
1336 1172 1486 1219 tribus
1511 1171 1651 1235 peciis
1682 1171 1780 1218 sive
1804 1167 2014 1234 parcellis

406 1244 454 1290 in
490 1242 708 1306 parochia
743 1242 801 1288 de
835 1241 1062 1298 Alkham,
1089 1241 1136 1286 in
1173 1239 1396 1287 comitatu
1433 1239 1658 1303 predicto,
1687 1253 1885 1302 quarum
1921 1251 2015 1283 una

407 1310 535 1375 pecia
569 1309 814 1356 continens
848 1308 1098 1373 qu[atu0r]
1138 1324 1264 1354 acras
1299 1317 1433 1363 terre,
1458 1316 1623 1353 vocata
1657 1303 2014 1368 Massyngham,

406 1379 550 1425 altera
574 1377 704 1440 pecia
727 1375 868 1434 bosci,
895 1375 1138 1422 continens
1163 1391 1306 1420 unam
1330 1390 1482 1420 acram
1515 1384 1561 1420 et
1586 1371 1828 1420 dimidiam
1864 1386 2014 1418 acram

409 1445 554 1501 bosci,
580 1455 744 1491 vocata
779 1443 1009 1500 Ghoshet,
1043 1453 1090 1488 et
1125 1441 1266 1488 tercia
1296 1440 1422 1504 pecia
1459 1440 1701 1487 continens
1742 1439 1857 1486 duas
1890 1453 2015 1485 acras

409 1524 530 1559 terre
575 1522 621 1558 et
667 1511 846 1576 adjacet
892 1510 948 1556 ad
989 1509 1247 1572 predictam
1293 1525 1442 1554 acram
1488 1518 1535 1554 et
1581 1506 1824 1554 dimidiam
1866 1521 2014 1551 acram

410 1579 550 1635 bosci,
576 1590 623 1625 et
648 1595 796 1641 nuper
816 1577 1069 1641 perquisita
1089 1575 1197 1622 ffuit
1222 1576 1279 1622 de
1293 1575 1505 1637 Johanne
1523 1573 1687 1638 Colley
1710 1593 1718 1620 ε
1747 1572 1944 1620 habend'
1969 1582 2015 1619 et

412 1646 595 1693 tenend’
621 1657 714 1692 tam
754 1645 964 1708 predicta
997 1643 1304 1707 mesuagium,
1341 1642 1623 1705 pomarium,
1659 1652 1706 1688 et
1741 1641 1860 1687 duos
1895 1655 2018 1686 acres

410 1725 531 1760 terre
573 1729 681 1759 cum
723 1711 1020 1775 pertinenciis
1072 1711 1118 1756 in
1163 1709 1378 1774 parochia
1423 1709 1481 1755 de
1520 1707 1755 1771 Swynfeld
1798 1707 2018 1771 predicta,

410 1797 551 1845 quam
592 1780 821 1843 predictas
861 1789 1038 1842 septem
1086 1793 1210 1823 acras
1250 1788 1296 1823 et
1338 1776 1581 1823 dimidiam
1619 1792 1771 1822 acram
1814 1786 1935 1821 terre
1970 1783 2016 1820 et

412 1847 537 1894 bosci
577 1847 624 1892 in
672 1846 889 1910 parochia
929 1845 987 1892 de
1034 1844 1244 1891 Alkham
1292 1843 1518 1906 predicta,
1556 1841 1746 1907 prefatis
1804 1840 2018 1888 Henrico

410 1915 582 1977 Jekyn,
609 1924 653 1960 et
689 1913 902 1974 Johanne
927 1911 1064 1976 Jolle,
1089 1923 1135 1958 et
1174 1910 1420 1957 heredibus
1444 1911 1538 1957 suis
1573 1910 1937 1973 imperpetuum,
1961 1906 2017 1954 ad

416 1998 553 2028 usum
592 1980 681 2027 mei
725 1980 921 2043 predicti
966 1978 1153 2025 Ricardi
1191 1978 1394 2034 Collard,
1438 1994 1523 2041 pro
1560 1977 1763 2023 termino
1800 1977 1893 2022 vite
1918 1990 2017 2021 mee

413 2048 609 2112 predicti
637 2047 824 2093 Ricardi
861 2045 1034 2110 absque
1067 2045 1364 2108 impeticionc
1396 2045 1529 2101 vasti,
1555 2055 1600 2090 et
1637 2055 1741 2107 post
1778 2043 2015 2090 decessum

414 2115 503 2161 mei
547 2115 743 2177 predicti
786 2113 970 2160 Ricardi
1007 2113 1064 2159 ad
1106 2129 1242 2158 usum
1285 2112 1525 2177 cujusdam
1570 2110 1777 2157 Danielis
1813 2108 2017 2167 Collard,

413 2181 500 2228 filii
539 2181 645 2238 mei,
682 2192 728 2227 et
776 2180 1000 2226 heredum
1035 2196 1230 2226 suorum
1270 2179 1617 2241 imperpetuum
1654 2178 1711 2224 de
1747 2175 2019 2241 capitalibus

412 2248 617 2297 dominis
642 2246 768 2294 feodi
795 2247 918 2293 illius
944 2264 1024 2310 per
1049 2246 1239 2292 servicia
1263 2246 1370 2292 inde
1403 2246 1534 2308 prius
1565 2245 1721 2291 debita
1751 2256 1796 2291 et
1825 2244 1882 2291 de
1913 2243 2019 2308 jure

413 2326 632 2363 consueta
655 2333 663 2361 :
704 2314 768 2361 Et
787 2331 891 2378 ego,
918 2314 1153 2377 predictus
1174 2312 1400 2359 Ricardus
1417 2312 1626 2371 Collard,
1645 2324 1689 2359 et
1710 2312 1899 2358 heredes
1914 2309 2019 2368 mei,

413 2383 675 2447 predictum
712 2382 1015 2445 mesuagium,
1053 2381 1331 2444 pomarium,
1369 2391 1414 2426 et
1462 2391 1612 2426 cetera
1650 2378 1870 2442 premissa
1915 2393 2016 2424 cum

415 2449 711 2514 pertinenciis
757 2447 948 2511 prefatis
991 2447 1207 2494 Henrico
1252 2448 1424 2510 Jekyn,
1464 2457 1509 2493 et
1550 2445 1752 2507 Johanni
1793 2444 1928 2506 Jolle,
1973 2454 2019 2491 et

415 2516 663 2564 heredibus
708 2515 814 2572 suis,
855 2516 912 2562 ad
959 2531 1096 2561 usum
1140 2514 1403 2578 predictum
1446 2524 1608 2560 contra
1653 2529 1815 2560 omnes
1860 2522 2021 2578 gentes

418 2582 821 2631 warantizabimus
847 2583 1193 2645 imperpetuum
1220 2598 1301 2644 per
1327 2592 1573 2644 presentes.

518 2651 569 2696 ln
608 2650 737 2714 cujus
774 2650 836 2696 rei
876 2649 1198 2696 testimonium
1237 2648 1422 2711 utrique
1465 2647 1581 2710 parti
1620 2646 1759 2711 hujus
1794 2643 2020 2710 presentis

416 2729 538 2765 carte
564 2734 662 2764 mee
687 2717 922 2763 indentate
946 2716 1151 2782 sigillum
1178 2732 1333 2762 meum
1358 2715 1565 2779 apposui.
