2192 3342
434 253 523 298 ¹04
912 236 1141 284 DOVER
1178 236 1545 284 CHARTERS

1101 451 1383 503 XXXIV.

953 569 968 610 i
996 566 1231 620 Octobris,
1259 576 1288 621 9
1317 567 1418 611 Ric.
1451 567 1511 611 11.

429 671 709 720 NovmuNT
780 671 983 719 universi
1054 687 1136 736 per
1204 683 1466 736 presentem
1536 671 1834 719 indenturam
1903 672 2036 737 quod

429 738 689 786 Nicholaus
723 739 781 786 de
822 738 1012 797 Hawte,
1055 738 1291 798 Chivaler,
1329 750 1375 786 et
1417 739 1706 786 Edmundus
1745 739 1804 786 de
1846 739 2035 797 Hawte‚

427 806 706 853 dimiserunt
743 806 894 853 Priori
927 817 974 853 et
1011 805 1280 853 Conventui
1319 807 1472 854 Sancti
1500 806 1701 854 Martini
1737 806 1848 854 novi
1884 807 2038 870 operis

428 875 645 920 Dovorre
668 890 829 920 omnes
861 884 1005 920 terras
1035 884 1082 920 et
1107 885 1316 937 pasturas
1358 890 1462 921 suas
1487 891 1595 920 cum
1623 873 1920 938 pertinenciis
1943 874 2037 920 suis

420 940 627 1004 jacentes
667 940 714 987 in
757 941 973 1004 parochia
1009 940 1068 987 de
1110 940 1344 1004 Hugham
1385 941 1433 987 in
1474 941 1682 1006 quodam
1719 940 1824 988 loco
1870 951 2038 988 vocato

427 1007 709 1072 Heghclyve
725 1018 771 1055 et
790 1007 1051 1071 Erchclyve
1075 1027 1083 1054 :
1104 1008 1299 1055 habend'
1318 1019 1364 1055 et
1383 1008 1569 1055 tenend’
1587 1008 1817 1072 predictas
1833 1019 1978 1056 terras
1991 1020 2039 1055 et

427 1085 636 1138 pasturas
659 1092 767 1122 cum
804 1074 1101 1138 pertinenciis
1124 1075 1220 1122 suis
1251 1075 1470 1139 predictis
1498 1075 1649 1123 Priori
1687 1075 1957 1123 Conventui
1991 1086 2038 1123 et

424 1158 589 1188 eorum
625 1142 970 1190 successoribus
1005 1159 1031 1189 a
1065 1142 1139 1189 die
1174 1143 1271 1190 dati
1308 1142 1598 1206 presencium
1638 1160 1786 1208 usque
1822 1142 1869 1189 in
1896 1142 2036 1190 finem

426 1209 619 1273 triginta
665 1226 896 1256 annorum
944 1209 1269 1273 proximorum
1315 1211 1611 1274 sequentium
1660 1210 1862 1273 plenarie
1908 1227 2039 1257 com-

426 1275 694 1340 pletorum:
734 1277 958 1325 reddend’
993 1276 1100 1324 inde
1136 1276 1376 1324 annuatim
1413 1278 1555 1324 iidem
1593 1278 1727 1325 Prior
1754 1277 2039 1326 Conventus

425 1354 470 1390 et
512 1360 678 1390 eorum
719 1361 1005 1391 successores
1052 1344 1270 1408 predictis
1319 1344 1552 1392 Nicholao
1597 1355 1643 1391 et
1682 1344 1946 1392 Edmundo
1991 1356 2037 1392 et

427 1427 591 1457 eorum
638 1410 889 1458 heredibus
931 1412 989 1458 ad
1036 1410 1210 1458 festum
1258 1411 1411 1458 Sancti
1461 1411 1708 1458 Michaelis
1754 1412 2037 1476 Archangeli

426 1477 595 1541 viginti
653 1478 829 1525 solidos
887 1477 1059 1525 usualis
1104 1490 1291 1525 monete
1348 1478 1556 1542 Anglie:
1607 1489 1654 1525 et
1711 1479 1748 1524 si
1802 1479 2039 1542 predictus

425 1545 653 1602 redditus,
674 1545 747 1592 vel
772 1545 926 1609 aliqua
950 1562 1054 1609 pars
1071 1545 1297 1610 ejusdem,
1318 1556 1472 1593 aretro
1495 1546 1554 1592 sit
1573 1562 1654 1609 per
1678 1546 2037 1610 quatuordecim

425 1612 523 1659 dies
565 1611 687 1659 ultra
733 1613 988 1659 terminum
1035 1612 1283 1676 prefixum,
1326 1623 1439 1660 tunc
1478 1612 1592 1659 bene
1639 1612 1772 1660 liceat
1819 1613 2039 1677 predictis

427 1679 659 1726 Nicholao
706 1679 967 1727 Edmundo
1023 1691 1071 1727 et
1127 1696 1292 1727 eorum
1363 1680 1608 1728 heredibus
1665 1680 1906 1744 assignatis
1966 1681 2037 1728 vel

428 1746 671 1794 attornatis
713 1757 808 1793 tam
833 1746 881 1794 in
917 1746 1138 1794 omnibus
1173 1747 1308 1794 terris
1349 1748 1541 1794 manerii
1565 1747 1825 1794 eorundem
1863 1747 2038 1795 Prioris

426 1824 473 1860 et
520 1813 795 1861 Conventus
840 1814 897 1861 de
945 1814 1227 1879 ffarnynglo,
1274 1831 1416 1879 quam
1464 1814 1511 1861 in
1571 1814 1704 1862 terris
1740 1825 1787 1861 et
1839 1816 2038 1878 pasturis

427 1880 662 1944 predictis,
710 1892 762 1927 ut
820 1881 1125 1944 premittitur,
1174 1881 1393 1946 predictis
1450 1881 1603 1929 Priori
1661 1892 1707 1928 et
1767 1881 2037 1929 Conventui

426 1948 626 1994 dimissis
652 1947 827 2012 ubique
855 1948 1168 2012 [distringere‚
1185 1948 1254 2012 et]
1283 1948 1602 1996 districciones
1626 1965 1784 2012 capere
1808 1949 2037 1997 abducere

426 2027 472 2062 et
508 2015 706 2062 retinere
742 2015 891 2062 donec
926 2015 1012 2062 sibi
1048 2016 1107 2063 de
1152 2015 1373 2064 omnibus
1409 2016 1516 2064 inde
1550 2016 1792 2081 arreragiis
1838 2016 2038 2080 plenarie

427 2081 571 2129 fuerit
594 2081 897 2131 satisfactum.

529 2149 581 2195 In
606 2149 741 2214 cujus
765 2150 830 2196 rei
855 2149 1179 2196 testimonium
1204 2160 1299 2197 tam
1327 2150 1478 2215 sigilla
1509 2150 1722 2214 ipsorum
1749 2150 1796 2197 N
1801 2149 1966 2198 icholai
1991 2163 2037 2200 et

431 2216 676 2263 Edmundi
713 2234 855 2281 quam
891 2217 1098 2281 sigillum
1125 2217 1393 2264 Commune
1430 2218 1750 2282 predictorum
1787 2217 1964 2266 Prioris
1991 2230 2038 2267 et

429 2283 705 2331 Conventus
729 2283 937 2347 partibus
962 2284 1104 2349 hujus
1129 2285 1377 2332 indenture
1401 2285 1662 2332 alternatim
1687 2295 1797 2332 sunt
1821 2302 2035 2350 appensa.

531 2352 650 2398 Data
667 2351 793 2415 apud
813 2350 1046 2416 Hugham
1071 2352 1226 2415 primo
1249 2352 1324 2399 die
1348 2352 1569 2400 Octobris
1592 2369 1715 2399 anno
1739 2352 1868 2417 regni
1897 2354 2038 2419 Regis

432 2419 630 2474 Ricardi‚
658 2418 850 2465 secundi
876 2436 901 2465 a
925 2430 1185 2483 conquestu
1211 2419 1385 2484 Anglie
1412 2436 1550 2467 nono.

531 2486 718 2532 Portions
742 2486 793 2548 os
805 2504 832 2532 ιι
858 2486 974 2550 large
998 2487 1128 2534 white
1151 2487 1242 2534 seal
1262 2489 1438 2534 remain.

435 2830 627 2893 [1894]
