<?xml version="1.0" encoding="UTF-8"?>
<!DOCTYPE html PUBLIC "-//W3C//DTD XHTML 1.0 Transitional//EN"
    "http://www.w3.org/TR/xhtml1/DTD/xhtml1-transitional.dtd">
<html xmlns="http://www.w3.org/1999/xhtml" xml:lang="en" lang="en">
 <head>
  <title>
</title>
<meta http-equiv="Content-Type" content="text/html;charset=utf-8" />
  <meta name='ocr-system' content='tesseract 3.04.00' />
  <meta name='ocr-capabilities' content='ocr_page ocr_carea ocr_par ocr_line ocrx_word'/>
</head>
<body>
  <div class='ocr_page' id='page_1' title='image "./doverchartersoth00doverich_0430.png"; bbox 0 0 2181 3155; ppageno 0'>
   <div class='ocr_carea' id='block_1_1' title="bbox 1991 0 2181 895">
    <p class='ocr_par' dir='ltr' id='par_1_1' title="bbox 1991 0 2181 895">
     <span class='ocr_line' id='line_1_1' title="bbox 1991 0 2181 895; baseline 0 -645"><span class='ocrx_word' id='word_1_1' title='bbox 1991 0 2181 895; x_wconf 95' lang='lat' dir='ltr'><strong>    </strong></span> 
     </span>
    </p>
   </div>
   <div class='ocr_carea' id='block_1_2' title="bbox 439 195 1562 258">
    <p class='ocr_par' dir='ltr' id='par_1_2' title="bbox 439 195 1562 258">
     <span class='ocr_line' id='line_1_2' title="bbox 439 195 1562 258; baseline 0.001 -16"><span class='ocrx_word' id='word_1_2' title='bbox 439 198 532 258; x_wconf 85' lang='lat'><strong>398</strong></span> <span class='ocrx_word' id='word_1_3' title='bbox 916 195 1156 243; x_wconf 82' lang='lat' dir='ltr'><strong>DovER</strong></span> <span class='ocrx_word' id='word_1_4' title='bbox 1192 195 1562 244; x_wconf 86' lang='lat' dir='ltr'>CHARTERS</span> 
     </span>
    </p>
   </div>
   <div class='ocr_carea' id='block_1_3' title="bbox 908 393 1565 565">
    <p class='ocr_par' dir='ltr' id='par_1_3' title="bbox 908 393 1565 565">
     <span class='ocr_line' id='line_1_3' title="bbox 1088 393 1381 447; baseline -0.007 0"><span class='ocrx_word' id='word_1_5' title='bbox 1088 394 1134 447; x_wconf 90' lang='lat' dir='ltr'>C</span> <span class='ocrx_word' id='word_1_6' title='bbox 1151 394 1210 445; x_wconf 89' lang='lat' dir='ltr'><strong>X</strong></span> <span class='ocrx_word' id='word_1_7' title='bbox 1225 393 1278 445; x_wconf 92' lang='lat' dir='ltr'>V</span> <span class='ocrx_word' id='word_1_8' title='bbox 1296 394 1319 445; x_wconf 93' lang='lat'>1</span> <span class='ocrx_word' id='word_1_9' title='bbox 1340 394 1381 445; x_wconf 93' lang='lat'><strong>1.</strong></span> 
     </span>
     <span class='ocr_line' id='line_1_4' title="bbox 908 510 1565 565; baseline -0.002 -11"><span class='ocrx_word' id='word_1_10' title='bbox 908 511 1042 565; x_wconf 84' lang='lat' dir='ltr'><strong>xxiiij</strong></span> <span class='ocrx_word' id='word_1_11' title='bbox 1073 511 1150 555; x_wconf 90' lang='lat' dir='ltr'><strong>die</strong></span> <span class='ocrx_word' id='word_1_12' title='bbox 1181 510 1361 564; x_wconf 84' lang='lat' dir='ltr'><strong>Martii,</strong></span> <span class='ocrx_word' id='word_1_13' title='bbox 1389 519 1417 554; x_wconf 91' lang='lat'><strong>2</strong></span> <span class='ocrx_word' id='word_1_14' title='bbox 1446 510 1565 553; x_wconf 82' lang='lat' dir='ltr'><strong>Eliz.</strong></span> 
     </span>
    </p>
   </div>
   <div class='ocr_carea' id='block_1_4' title="bbox 436 614 2126 1213">
    <p class='ocr_par' dir='ltr' id='par_1_4' title="bbox 436 614 2126 1213">
     <span class='ocr_line' id='line_1_5' title="bbox 439 614 2043 680; baseline 0.001 -17"><span class='ocrx_word' id='word_1_15' title='bbox 439 617 720 664; x_wconf 65' lang='lat' dir='ltr'><strong>Novamwr</strong></span> <span class='ocrx_word' id='word_1_16' title='bbox 745 616 947 663; x_wconf 91' lang='lat' dir='ltr'><strong>universi</strong></span> <span class='ocrx_word' id='word_1_17' title='bbox 973 633 1055 680; x_wconf 89' lang='lat' dir='ltr'><strong>per</strong></span> <span class='ocrx_word' id='word_1_18' title='bbox 1079 626 1316 679; x_wconf 87' lang='lat' dir='ltr'><strong>presentes</strong></span> <span class='ocrx_word' id='word_1_19' title='bbox 1342 632 1430 674; x_wconf 89' lang='lat' dir='ltr'><strong>me,</strong></span> <span class='ocrx_word' id='word_1_20' title='bbox 1451 614 1714 662; x_wconf 90' lang='lat' dir='ltr'><strong>Robertum</strong></span> <span class='ocrx_word' id='word_1_21' title='bbox 1739 614 2043 678; x_wconf 57' lang='lat' dir='ltr'><strong>Wessendem</strong></span> 
     </span>
     <span class='ocr_line' id='line_1_6' title="bbox 437 681 2044 747; baseline 0.001 -17"><span class='ocrx_word' id='word_1_22' title='bbox 437 685 495 731; x_wconf 93' lang='lat' dir='ltr'><strong>de</strong></span> <span class='ocrx_word' id='word_1_23' title='bbox 520 683 766 747; x_wconf 85' lang='lat' dir='ltr'><strong>Paroch[ia</strong></span> <span class='ocrx_word' id='word_1_24' title='bbox 791 683 944 730; x_wconf 89' lang='lat' dir='ltr'>Sancti</span> <span class='ocrx_word' id='word_1_25' title='bbox 969 683 1196 744; x_wconf 90' lang='lat' dir='ltr'><strong>Johannis</strong></span> <span class='ocrx_word' id='word_1_26' title='bbox 1221 683 1430 747; x_wconf 90' lang='lat' dir='ltr'><strong>Baptiste</strong></span> <span class='ocrx_word' id='word_1_27' title='bbox 1453 682 1501 729; x_wconf 87' lang='lat' dir='ltr'><strong>in</strong></span> <span class='ocrx_word' id='word_1_28' title='bbox 1527 681 1681 729; x_wconf 88' lang='lat' dir='ltr'>Insula</span> <span class='ocrx_word' id='word_1_29' title='bbox 1709 682 1961 745; x_wconf 88' lang='lat' dir='ltr'><strong>Than]ete‚</strong></span> <span class='ocrx_word' id='word_1_30' title='bbox 1993 682 2044 733; x_wconf 80' lang='lat' dir='ltr'><strong>in</strong></span> 
     </span>
     <span class='ocr_line' id='line_1_7' title="bbox 437 748 2041 814; baseline 0.001 -16"><span class='ocrx_word' id='word_1_31' title='bbox 437 751 683 798; x_wconf 89' lang='lat' dir='ltr'><strong>Comitatu</strong></span> <span class='ocrx_word' id='word_1_32' title='bbox 708 750 900 808; x_wconf 88' lang='lat' dir='ltr'><strong>Kancie,</strong></span> <span class='ocrx_word' id='word_1_33' title='bbox 925 767 1112 814; x_wconf 88' lang='lat' dir='ltr'><strong>yoman,</strong></span> <span class='ocrx_word' id='word_1_34' title='bbox 1139 750 1285 797; x_wconf 88' lang='lat' dir='ltr'><strong>teneri</strong></span> <span class='ocrx_word' id='word_1_35' title='bbox 1311 761 1358 798; x_wconf 93' lang='lat' dir='ltr'><strong>et</strong></span> <span class='ocrx_word' id='word_1_36' title='bbox 1382 750 1578 797; x_wconf 87' lang='lat' dir='ltr'><strong>firmiter</strong></span> <span class='ocrx_word' id='word_1_37' title='bbox 1607 749 1802 814; x_wconf 86' lang='lat' dir='ltr'><strong>obligari</strong></span> <span class='ocrx_word' id='word_1_38' title='bbox 1840 748 2041 810; x_wconf 75' lang='lat' dir='ltr'><strong>Johanni</strong></span> 
     </span>
     <span class='ocr_line' id='line_1_8' title="bbox 438 815 2042 882; baseline 0.001 -17"><span class='ocrx_word' id='word_1_39' title='bbox 438 818 742 882; x_wconf 87' lang='lat' dir='ltr'><strong>Sprawlynge</strong></span> <span class='ocrx_word' id='word_1_40' title='bbox 795 817 853 864; x_wconf 94' lang='lat' dir='ltr'><strong>de</strong></span> <span class='ocrx_word' id='word_1_41' title='bbox 908 817 1132 865; x_wconf 88' lang='lat' dir='ltr'><strong>Parochia</strong></span> <span class='ocrx_word' id='word_1_42' title='bbox 1169 854 1179 864; x_wconf 92' lang='lat'><strong>.</strong></span> <span class='ocrx_word' id='word_1_43' title='bbox 1253 854 1263 864; x_wconf 92' lang='lat'><strong>.</strong></span> <span class='ocrx_word' id='word_1_44' title='bbox 1336 854 1346 864; x_wconf 87' lang='lat'><strong>.</strong></span> <span class='ocrx_word' id='word_1_45' title='bbox 1386 855 1397 874; x_wconf 92' lang='lat'>,</span> <span class='ocrx_word' id='word_1_46' title='bbox 1453 817 1502 864; x_wconf 87' lang='lat' dir='ltr'><strong>in</strong></span> <span class='ocrx_word' id='word_1_47' title='bbox 1542 817 1693 864; x_wconf 90' lang='lat' dir='ltr'><strong>insula</strong></span> <span class='ocrx_word' id='word_1_48' title='bbox 1732 827 1780 863; x_wconf 90' lang='lat' dir='ltr'><strong>et</strong></span> <span class='ocrx_word' id='word_1_49' title='bbox 1821 815 2042 867; x_wconf 84' lang='lat' dir='ltr'><strong>comitatu</strong></span> 
     </span>
     <span class='ocr_line' id='line_1_9' title="bbox 437 882 2126 949; baseline 0.001 -18"><span class='ocrx_word' id='word_1_50' title='bbox 437 884 672 948; x_wconf 86' lang='lat' dir='ltr'><strong>predictis,</strong></span> <span class='ocrx_word' id='word_1_51' title='bbox 726 901 918 947; x_wconf 90' lang='lat' dir='ltr'><strong>yoman,</strong></span> <span class='ocrx_word' id='word_1_52' title='bbox 962 885 1008 931; x_wconf 91' lang='lat' dir='ltr'><strong>in</strong></span> <span class='ocrx_word' id='word_1_53' title='bbox 1050 885 1212 932; x_wconf 89' lang='lat' dir='ltr'><strong>decem</strong></span> <span class='ocrx_word' id='word_1_54' title='bbox 1257 884 1386 931; x_wconf 89' lang='lat' dir='ltr'><strong>libris</strong></span> <span class='ocrx_word' id='word_1_55' title='bbox 1426 883 1588 949; x_wconf 87' lang='lat' dir='ltr'><strong>legalis</strong></span> <span class='ocrx_word' id='word_1_56' title='bbox 1628 895 1815 931; x_wconf 89' lang='lat' dir='ltr'><strong>monete</strong></span> <span class='ocrx_word' id='word_1_57' title='bbox 1855 882 2042 949; x_wconf 82' lang='lat' dir='ltr'><strong>Anglie,</strong></span> <span class='ocrx_word' id='word_1_58' title='bbox 2124 907 2126 909; x_wconf 95' lang='lat'>·</span> 
     </span>
     <span class='ocr_line' id='line_1_10' title="bbox 436 951 2123 1016; baseline -0.002 -18"><span class='ocrx_word' id='word_1_59' title='bbox 436 951 648 999; x_wconf 90' lang='lat' dir='ltr'><strong>solvend‘</strong></span> <span class='ocrx_word' id='word_1_60' title='bbox 674 951 827 999; x_wconf 89' lang='lat' dir='ltr'><strong>eidem</strong></span> <span class='ocrx_word' id='word_1_61' title='bbox 850 951 1052 1012; x_wconf 87' lang='lat' dir='ltr'><strong>Johanni</strong></span> <span class='ocrx_word' id='word_1_62' title='bbox 1079 951 1418 1016; x_wconf 87' lang='lat' dir='ltr'><strong>[Sprawlynge]</strong></span> <span class='ocrx_word' id='word_1_63' title='bbox 1444 962 1525 998; x_wconf 90' lang='lat' dir='ltr'><strong>aut</strong></span> <span class='ocrx_word' id='word_1_64' title='bbox 1544 968 1629 998; x_wconf 92' lang='lat' dir='ltr'><strong>suo</strong></span> <span class='ocrx_word' id='word_1_65' title='bbox 1648 961 1776 998; x_wconf 87' lang='lat' dir='ltr'><strong>certo</strong></span> <span class='ocrx_word' id='word_1_66' title='bbox 1794 961 2042 1011; x_wconf 81' lang='lat' dir='ltr'><strong>attornato,</strong></span> <span class='ocrx_word' id='word_1_67' title='bbox 2090 968 2093 1010; x_wconf 67' lang='grc' dir='ltr'><strong>ς</strong></span> <span class='ocrx_word' id='word_1_68' title='bbox 2122 991 2123 994; x_wconf 75' lang='grc'>,</span> 
     </span>
     <span class='ocr_line' id='line_1_11' title="bbox 437 1016 2103 1077; baseline 0.001 -12"><span class='ocrx_word' id='word_1_69' title='bbox 437 1018 700 1075; x_wconf 89' lang='lat' dir='ltr'><strong>heredibus,</strong></span> <span class='ocrx_word' id='word_1_70' title='bbox 736 1018 1080 1077; x_wconf 87' lang='lat' dir='ltr'><strong>executoribus,</strong></span> <span class='ocrx_word' id='word_1_71' title='bbox 1117 1036 1197 1066; x_wconf 87' lang='lat' dir='ltr'><strong>seu</strong></span> <span class='ocrx_word' id='word_1_72' title='bbox 1230 1017 1690 1066; x_wconf 88' lang='lat' dir='ltr'><strong>administratoribus</strong></span> <span class='ocrx_word' id='word_1_73' title='bbox 1713 1017 1826 1075; x_wconf 88' lang='lat' dir='ltr'><strong>suis,</strong></span> <span class='ocrx_word' id='word_1_74' title='bbox 1851 1018 1900 1065; x_wconf 92' lang='lat' dir='ltr'><strong>in</strong></span> <span class='ocrx_word' id='word_1_75' title='bbox 1924 1016 2043 1067; x_wconf 65' lang='lat' dir='ltr'><strong>faem</strong></span> <span class='ocrx_word' id='word_1_76' title='bbox 2090 1019 2103 1070; x_wconf 58' lang='grc' dir='ltr'><strong><em>ἃ</em></strong></span> 
     </span>
     <span class='ocr_line' id='line_1_12' title="bbox 436 1075 2104 1183; baseline 0.001 -51"><span class='ocrx_word' id='word_1_77' title='bbox 436 1086 601 1150; x_wconf 88' lang='lat' dir='ltr'><strong>pasche</strong></span> <span class='ocrx_word' id='word_1_78' title='bbox 636 1086 854 1150; x_wconf 87' lang='lat' dir='ltr'><strong>proximo</strong></span> <span class='ocrx_word' id='word_1_79' title='bbox 889 1084 1056 1133; x_wconf 90' lang='lat' dir='ltr'><strong>futuro</strong></span> <span class='ocrx_word' id='word_1_80' title='bbox 1091 1097 1198 1150; x_wconf 92' lang='lat' dir='ltr'><strong>post</strong></span> <span class='ocrx_word' id='word_1_81' title='bbox 1233 1087 1397 1134; x_wconf 89' lang='lat' dir='ltr'><strong>datum</strong></span> <span class='ocrx_word' id='word_1_82' title='bbox 1433 1085 1724 1150; x_wconf 89' lang='lat' dir='ltr'><strong>presencium</strong></span> <span class='ocrx_word' id='word_1_83' title='bbox 1764 1084 1843 1148; x_wconf 84' lang='lat' dir='ltr'><strong>[ad</strong></span> <span class='ocrx_word' id='word_1_84' title='bbox 1875 1084 2038 1151; x_wconf 86' lang='lat' dir='ltr'><strong>quam]</strong></span> <span class='ocrx_word' id='word_1_85' title='bbox 2095 1075 2104 1183; x_wconf 57' lang='grc' dir='ltr'><em>Ξ</em></span> 
     </span>
     <span class='ocr_line' id='line_1_13' title="bbox 2097 1195 2104 1213; baseline 0 0"><span class='ocrx_word' id='word_1_86' title='bbox 2097 1195 2104 1213; x_wconf 69' lang='grc'>1</span> 
     </span>
    </p>
   </div>
   <div class='ocr_carea' id='block_1_5' title="bbox 2100 250 2181 3155">
    <p class='ocr_par' dir='ltr' id='par_1_5' title="bbox 2100 250 2181 3155">
     <span class='ocr_line' id='line_1_14' title="bbox 2100 250 2181 3155; baseline 0 -2347"><span class='ocrx_word' id='word_1_87' title='bbox 2100 250 2181 3155; x_wconf 95' lang='lat' dir='ltr'><strong>   </strong></span> 
     </span>
    </p>
   </div>
   <div class='ocr_carea' id='block_1_6' title="bbox 2089 411 2100 734">
    <p class='ocr_par' dir='ltr' id='par_1_6' title="bbox 2089 411 2100 734">
     <span class='ocr_line' id='line_1_15' title="bbox 2089 411 2097 502; baseline 0 0"><span class='ocrx_word' id='word_1_88' title='bbox 2089 411 2097 502; x_wconf 72' lang='grc' dir='ltr'><strong>ἲ</strong></span> 
     </span>
     <span class='ocr_line' id='line_1_16' title="bbox 2091 623 2100 734; baseline 0 0"><span class='ocrx_word' id='word_1_89' title='bbox 2091 623 2100 734; x_wconf 71' lang='grc' dir='ltr'>ἒ</span> 
     </span>
    </p>
   </div>
   <div class='ocr_carea' id='block_1_7' title="bbox 435 1151 2107 1614">
    <p class='ocr_par' dir='ltr' id='par_1_7' title="bbox 435 1151 2107 1614">
     <span class='ocr_line' id='line_1_17' title="bbox 436 1151 2041 1217; baseline 0.001 -18"><span class='ocrx_word' id='word_1_90' title='bbox 436 1153 630 1217; x_wconf 87' lang='lat' dir='ltr'><strong>quidem</strong></span> <span class='ocrx_word' id='word_1_91' title='bbox 677 1152 961 1200; x_wconf 87' lang='lat' dir='ltr'><strong>solucionem</strong></span> <span class='ocrx_word' id='word_1_92' title='bbox 1010 1153 1126 1200; x_wconf 89' lang='lat' dir='ltr'><strong>bene</strong></span> <span class='ocrx_word' id='word_1_93' title='bbox 1172 1164 1219 1200; x_wconf 89' lang='lat' dir='ltr'><strong>et</strong></span> <span class='ocrx_word' id='word_1_94' title='bbox 1266 1153 1466 1200; x_wconf 88' lang='lat' dir='ltr'><strong>fideliter</strong></span> <span class='ocrx_word' id='word_1_95' title='bbox 1513 1152 1711 1199; x_wconf 91' lang='lat' dir='ltr'><strong>faciend’</strong></span> <span class='ocrx_word' id='word_1_96' title='bbox 1759 1151 1920 1217; x_wconf 89' lang='lat' dir='ltr'><strong>obligo</strong></span> <span class='ocrx_word' id='word_1_97' title='bbox 1969 1168 2041 1201; x_wconf 87' lang='lat' dir='ltr'><strong>me</strong></span> 
     </span>
     <span class='ocr_line' id='line_1_18' title="bbox 436 1220 2042 1284; baseline 0.001 -18"><span class='ocrx_word' id='word_1_98' title='bbox 436 1220 642 1278; x_wconf 86' lang='lat' dir='ltr'><strong>heredes,</strong></span> <span class='ocrx_word' id='word_1_99' title='bbox 677 1231 962 1278; x_wconf 87' lang='lat' dir='ltr'><strong>executores,</strong></span> <span class='ocrx_word' id='word_1_100' title='bbox 997 1231 1044 1267; x_wconf 90' lang='lat' dir='ltr'><strong>et</strong></span> <span class='ocrx_word' id='word_1_101' title='bbox 1079 1220 1480 1268; x_wconf 88' lang='lat' dir='ltr'><strong>administratores</strong></span> <span class='ocrx_word' id='word_1_102' title='bbox 1515 1237 1646 1266; x_wconf 91' lang='lat' dir='ltr'><strong>meos</strong></span> <span class='ocrx_word' id='word_1_103' title='bbox 1682 1236 1762 1284; x_wconf 89' lang='lat' dir='ltr'><strong>per</strong></span> <span class='ocrx_word' id='word_1_104' title='bbox 1798 1230 2042 1283; x_wconf 56' lang='lat' dir='ltr'><strong>presentet,</strong></span> 
     </span>
     <span class='ocr_line' id='line_1_19' title="bbox 435 1286 2105 1352; baseline 0 -18"><span class='ocrx_word' id='word_1_105' title='bbox 435 1286 590 1352; x_wconf 86' lang='lat' dir='ltr'><strong>sigillo</strong></span> <span class='ocrx_word' id='word_1_106' title='bbox 625 1303 731 1334; x_wconf 90' lang='lat' dir='ltr'><strong>meo</strong></span> <span class='ocrx_word' id='word_1_107' title='bbox 765 1288 984 1352; x_wconf 87' lang='lat' dir='ltr'><strong>sigillato.</strong></span> <span class='ocrx_word' id='word_1_108' title='bbox 2099 1322 2105 1334; x_wconf 87' lang='lat'><strong>.</strong></span> 
     </span>
     <span class='ocr_line' id='line_1_20' title="bbox 536 1340 2106 1419; baseline 0.001 -18"><span class='ocrx_word' id='word_1_109' title='bbox 536 1355 714 1401; x_wconf 89' lang='lat' dir='ltr'><strong>Datum</strong></span> <span class='ocrx_word' id='word_1_110' title='bbox 750 1354 973 1402; x_wconf 89' lang='lat' dir='ltr'><strong>vicesimo</strong></span> <span class='ocrx_word' id='word_1_111' title='bbox 1008 1365 1177 1418; x_wconf 90' lang='lat' dir='ltr'><strong>quarto</strong></span> <span class='ocrx_word' id='word_1_112' title='bbox 1213 1354 1289 1402; x_wconf 91' lang='lat' dir='ltr'><strong>die</strong></span> <span class='ocrx_word' id='word_1_113' title='bbox 1330 1354 1502 1401; x_wconf 89' lang='lat' dir='ltr'><strong>mensis</strong></span> <span class='ocrx_word' id='word_1_114' title='bbox 1539 1352 1706 1400; x_wconf 85' lang='lat' dir='ltr'><strong>Martii</strong></span> <span class='ocrx_word' id='word_1_115' title='bbox 1747 1370 1870 1400; x_wconf 88' lang='lat' dir='ltr'><strong>anno</strong></span> <span class='ocrx_word' id='word_1_116' title='bbox 1910 1353 2038 1419; x_wconf 82' lang='lat' dir='ltr'><strong>regni</strong></span> <span class='ocrx_word' id='word_1_117' title='bbox 2099 1340 2106 1398; x_wconf 59' lang='lat' dir='ltr'><strong>i</strong></span> 
     </span>
     <span class='ocr_line' id='line_1_21' title="bbox 436 1417 2107 1486; baseline 0.001 -17"><span class='ocrx_word' id='word_1_118' title='bbox 436 1421 628 1469; x_wconf 88' lang='lat' dir='ltr'><strong>domine</strong></span> <span class='ocrx_word' id='word_1_119' title='bbox 664 1432 822 1469; x_wconf 90' lang='lat' dir='ltr'><strong>nostre</strong></span> <span class='ocrx_word' id='word_1_120' title='bbox 857 1420 1150 1480; x_wconf 89' lang='lat' dir='ltr'><strong>Elizabethe,</strong></span> <span class='ocrx_word' id='word_1_121' title='bbox 1186 1421 1260 1469; x_wconf 90' lang='lat' dir='ltr'><strong>dei</strong></span> <span class='ocrx_word' id='word_1_122' title='bbox 1296 1422 1449 1486; x_wconf 88' lang='lat' dir='ltr'><strong>gracia</strong></span> <span class='ocrx_word' id='word_1_123' title='bbox 1489 1420 1680 1486; x_wconf 88' lang='lat' dir='ltr'><strong>Anglie,</strong></span> <span class='ocrx_word' id='word_1_124' title='bbox 1723 1419 1958 1478; x_wconf 74' lang='lat' dir='ltr'><strong>ffraunde,</strong></span> <span class='ocrx_word' id='word_1_125' title='bbox 1994 1430 2040 1470; x_wconf 87' lang='lat' dir='ltr'><strong>et</strong></span> <span class='ocrx_word' id='word_1_126' title='bbox 2100 1417 2107 1482; x_wconf 64' lang='grc' dir='ltr'><strong>ἵ,</strong></span> 
     </span>
     <span class='ocr_line' id='line_1_22' title="bbox 436 1486 1792 1553; baseline 0 -18"><span class='ocrx_word' id='word_1_127' title='bbox 436 1487 670 1536; x_wconf 90' lang='lat' dir='ltr'><strong>Hibernie</strong></span> <span class='ocrx_word' id='word_1_128' title='bbox 705 1489 902 1553; x_wconf 88' lang='lat' dir='ltr'><strong>Regine,</strong></span> <span class='ocrx_word' id='word_1_129' title='bbox 938 1488 1069 1536; x_wconf 89' lang='lat' dir='ltr'><strong>Fidei</strong></span> <span class='ocrx_word' id='word_1_130' title='bbox 1105 1488 1394 1546; x_wconf 89' lang='lat' dir='ltr'><strong>Defensoris,</strong></span> <span class='ocrx_word' id='word_1_131' title='bbox 1430 1499 1532 1545; x_wconf 91' lang='lat' dir='ltr'><strong>etc.,</strong></span> <span class='ocrx_word' id='word_1_132' title='bbox 1571 1486 1792 1535; x_wconf 81' lang='lat' dir='ltr'><strong>secundo,</strong></span> 
     </span>
     <span class='ocr_line' id='line_1_23' title="bbox 536 1555 1372 1614; baseline 0 -12"><span class='ocrx_word' id='word_1_133' title='bbox 536 1556 628 1602; x_wconf 89' lang='lat' dir='ltr'><strong>Per</strong></span> <span class='ocrx_word' id='word_1_134' title='bbox 653 1571 741 1614; x_wconf 89' lang='lat' dir='ltr'><strong>me,</strong></span> <span class='ocrx_word' id='word_1_135' title='bbox 769 1555 1030 1604; x_wconf 88' lang='lat' dir='ltr'><strong>Robertum</strong></span> <span class='ocrx_word' id='word_1_136' title='bbox 1064 1555 1372 1604; x_wconf 90' lang='lat' dir='ltr'><strong>Wessenden.</strong></span> 
     </span>
    </p>
   </div>
   <div class='ocr_carea' id='block_1_8' title="bbox 537 1623 1267 1684">
    <p class='ocr_par' dir='ltr' id='par_1_8' title="bbox 537 1623 1267 1684">
     <span class='ocr_line' id='line_1_24' title="bbox 537 1623 1267 1684; baseline 0.003 -16"><span class='ocrx_word' id='word_1_137' title='bbox 537 1623 774 1670; x_wconf 88' lang='lat' dir='ltr'><strong>Witnesse</strong></span> <span class='ocrx_word' id='word_1_138' title='bbox 801 1640 886 1681; x_wconf 90' lang='lat' dir='ltr'><strong>me,</strong></span> <span class='ocrx_word' id='word_1_139' title='bbox 914 1623 1042 1684; x_wconf 89' lang='lat' dir='ltr'><strong>John</strong></span> <span class='ocrx_word' id='word_1_140' title='bbox 1070 1623 1267 1670; x_wconf 88' lang='lat' dir='ltr'><strong>Russell.</strong></span> 
     </span>
    </p>
   </div>
   <div class='ocr_carea' id='block_1_9' title="bbox 439 2208 581 2270">
    <p class='ocr_par' dir='ltr' id='par_1_9' title="bbox 439 2208 581 2270">
     <span class='ocr_line' id='line_1_25' title="bbox 439 2208 581 2270; baseline 0 0"><span class='ocrx_word' id='word_1_141' title='bbox 439 2208 581 2270; x_wconf 83' lang='lat'>[154]</span> 
     </span>
    </p>
   </div>
  </div>
 </body>
</html>
