2192 3342
409 243 470 289 42
888 225 1121 273 DOVER
1156 223 1522 272 CHARTERS

411 363 613 406 cessimus
632 371 716 421 pro
740 358 862 405 nobis
887 369 928 404 et
948 356 1183 403 heredibus
1206 357 1365 402 nostris
1384 356 1537 402 eisdem
1559 354 1812 401 Baronibus
1831 356 2018 417 quinque

406 437 610 488 portuum
646 425 760 489 quod
797 440 937 471 omnes
978 424 1051 470 illi
1092 423 1143 470 de
1177 422 1392 485 portubus
1430 421 1527 468 illis
1567 432 1607 468 et
1641 421 1728 468 alii
1764 422 2019 484 quicumque

409 493 665 540 advocantes
707 508 750 538 se
790 492 841 538 de
880 491 1086 536 libertate
1125 488 1353 536 eorundem
1389 498 1430 535 et
1467 488 1563 535 inde
1593 491 1792 551 gaudere
1828 487 2017 534 volentes

411 560 693 607 contribuant
723 559 787 604 ad
809 558 1037 619 navigium
1074 567 1115 602 et
1148 557 1385 602 servicium
1416 555 1618 618 predicta
1654 552 1956 601 manutenend’
1979 564 2022 599 et

397 626 596 690 faciend’
621 626 672 672 de
700 625 894 672 omnibus
933 624 1055 670 bonis
1092 634 1134 670 et
1169 623 1344 670 catallis
1381 624 1478 669 suis
1513 634 1601 668 tam
1625 633 1749 668 extra
1775 621 2018 668 libertatem

410 697 596 758 quinque
622 703 831 755 portuum
860 691 1156 752 predictorum
1180 706 1307 753 quam
1341 691 1460 752 infra
1488 687 1776 746 existentibus,
1801 700 1842 734 et
1862 688 1926 734 ad
1943 688 2019 734 hoc

403 774 490 822 per
524 761 707 822 majores
739 771 781 805 et
805 759 977 821 juratos
1005 768 1211 819 portuum
1240 758 1529 818 predictorum
1562 768 1601 803 et
1637 757 1767 802 eciam
1794 768 1882 816 per
1906 755 2019 801 Con-

410 827 692 874 stabularium
755 826 902 872 Castri
956 826 1091 872 nostri
1149 823 1351 870 Dovorre
1397 825 1438 870 si
1482 839 1640 870 necesse
1684 822 1826 885 fuerit
1880 821 2020 868 debite

411 895 729 955 compellantur,
777 903 819 939 et
861 892 978 955 quod
1019 891 1127 938 bona
1173 903 1215 937 et
1258 891 1415 937 catalla
1462 890 1671 937 dictorum
1714 890 1935 936 Baronum
1981 899 2023 935 et

410 962 609 1018 aliorum,
647 962 742 1007 sive
782 971 906 1006 extra
947 960 1103 1005 dictam
1145 958 1380 1005 libertatem
1415 958 1608 1018 fuerint,
1647 959 1740 1004 sive
1777 956 1898 1018 infra
1938 972 2020 1019 que

402 1041 486 1089 pro
509 1029 685 1091 navigio
709 1039 750 1073 et
770 1028 948 1074 servicio
973 1026 1183 1087 predictis
1212 1023 1510 1072 manutenend‘
1536 1035 1577 1071 et
1586 1023 1788 1087 faciend‘
1812 1033 2023 1069 taxantur

411 1095 474 1142 ad
515 1095 713 1158 tallagia,
755 1109 826 1140 seu
863 1094 957 1140 alia
996 1109 1126 1139 onera
1163 1108 1420 1156 quecumque
1461 1108 1555 1139 cum
1595 1091 1714 1140 bonis
1764 1103 1804 1137 et
1850 1089 2019 1137 catallis

412 1163 464 1208 lzo
490 1160 694 1227 [minum]
706 1161 1013 1223 forinsecorum
1038 1159 1280 1207 nullatenus
1304 1170 1519 1206 taxentur.

511 1230 565 1275 In
608 1230 728 1291 cujus
769 1229 837 1274 rei
875 1228 1152 1274 testimonium
1194 1227 1277 1273 has
1306 1227 1467 1273 litteras
1504 1237 1668 1272 nostras
1697 1224 1802 1283 fieri
1828 1224 2019 1286 fecimus

403 1307 611 1357 patentes.
688 1294 811 1342 Teste
846 1311 910 1341 me
945 1296 1031 1355 ipso
1065 1293 1188 1354 apud
1212 1294 1626 1340 Westmonasterium
1650 1293 1853 1338 vicesimo
1877 1292 2021 1354 quinto

409 1363 482 1411 dz'e
494 1362 731 1424 ffibruarii
753 1378 863 1409 anno
887 1363 1007 1425 regni
1028 1362 1159 1408 nostri
1171 1362 1333 1422 primo.

511 1429 773 1476 Nosautem
815 1439 989 1476 cartam
1033 1438 1240 1474 nostram
1289 1426 1547 1491 predictam
1589 1425 1675 1472 sub
1722 1425 1878 1491 sigillo
1923 1442 2022 1489 quo

412 1513 536 1543 nunc
561 1496 743 1543 utimur
777 1496 834 1543 ad
870 1494 1228 1560 requisicionem
1264 1494 1475 1558 ipsorum
1517 1493 1754 1540 Baronum
1796 1491 2022 1540 duximus

409 1562 856 1628 exemplificandam.

512 1631 567 1677 In
592 1630 729 1696 cujus
754 1629 820 1677 rei
846 1627 1171 1677 testimonium
1191 1628 1272 1675 has
1295 1628 1474 1675 litteras
1494 1637 1677 1675 nostras
1701 1627 1797 1674 fieri
1825 1625 2022 1674 fecimus

411 1709 634 1762 patentes.

512 1765 656 1812 Teste
680 1781 754 1811 me
783 1764 885 1827 ipso
921 1764 1046 1827 apud
1076 1763 1222 1811 Ebor'
1247 1762 1470 1810 vicesimo
1505 1771 1638 1810 sexto
1674 1761 1749 1809 die
1784 1760 2019 1809 ffebruarii

411 1849 533 1880 anno
556 1831 686 1898 regni
711 1831 858 1879 nostri
882 1831 1101 1879 secundo.

415 2859 516 2916 [13]
