2181 3155
378 219 402 251 2
414 206 472 267 56
870 203 1106 251 DovER
1145 203 1508 250 CHARTERS

1014 336 1060 386 L
1077 336 1134 385 X
1153 336 1210 386 X
1229 336 1286 386 X
1307 336 1348 388 1.

831 447 906 500 viij
938 447 1161 499 Augusti,
1196 457 1245 488 12
1276 447 1406 488 Edw.
1442 447 1518 489 IV.

376 547 494 593 Hfic
535 547 784 593 indentura
830 557 1026 593 testatur
1073 546 1200 609 quod
1249 546 1460 592 Thomas
1508 545 1764 599 Hexstalle,
1813 544 1987 609 Major,

373 614 609 674 Johannes
658 614 855 677 Penyot,
904 612 1144 660 Galfridus
1191 612 1376 669 Elham,
1422 612 1682 659 Nicholaus
1729 611 1895 674 nyne,
1941 623 1988 658 et

372 681 607 741 Johannes
653 680 834 735 Crosse,
894 680 1123 727 Custodes
1184 679 1356 726 Portus
1404 681 1637 735 Dovorre,
1698 679 1886 726 nomine
1942 690 1987 726 et

373 765 558 795 assensu
595 748 745 794 tocius
769 747 1134 794 Communitatis
1160 758 1327 809 portus
1364 746 1559 810 predicti
1593 756 1917 793 concesserunt
1942 757 1987 793 et

374 815 429 861 ad
472 814 596 861 feodi
646 814 826 861 firmam
863 814 1143 861 dimiserunt
1179 814 1356 875 Jacobo
1404 815 1572 878 Yonge
1608 830 1748 860 unam
1787 813 1985 877 placeam

375 893 495 928 terre
542 898 684 928 vacue
718 881 949 945 jacentem
992 880 1112 928 infra
1158 881 1418 928 libertatem
1464 881 1635 927 Portus
1676 881 1894 927 Dovorre
1940 879 1986 926 in

373 949 659 1011 Oxyswarde
684 948 806 994 inter
831 958 1002 995 terram
1039 948 1268 994 Willelmi
1296 949 1450 995 Broke
1476 965 1635 995 versus
1664 959 1787 1003 west,
1817 958 1985 994 terram

372 1015 598 1077 Johannis
620 1015 833 1063 Marable
854 1032 1013 1061 versus
1038 1015 1194 1070 north,
1213 1026 1382 1062 terram
1401 1016 1628 1077 Johannis
1650 1015 1805 1078 Pepyr
1829 1030 1990 1061 versus

373 1093 453 1139 est,
497 1093 543 1129 et
585 1100 773 1129 murum
817 1082 928 1129 ville
968 1082 1156 1139 sowth;
1206 1082 1404 1130 habend'
1437 1094 1481 1129 et
1519 1082 1704 1129 tenend'
1730 1081 1985 1146 predictam

372 1150 574 1214 placeam
600 1161 718 1197 terre
743 1167 850 1197 cum
885 1149 980 1196 suis
1005 1149 1302 1213 pertinenciis
1326 1149 1508 1213 prefato
1539 1149 1717 1210 Jacobo
1742 1148 1986 1195 heredibus

372 1228 417 1264 et
453 1217 693 1281 assignatis
728 1217 821 1263 suis
853 1234 878 1263 a
912 1216 1052 1263 Festo
1083 1217 1235 1263 Sancti
1270 1217 1515 1263 Michaelis
1552 1216 1835 1282 Archangeli
1864 1232 1986 1262 anno

373 1285 501 1349 regni
543 1284 682 1348 Regis
717 1283 935 1331 Edwardi
975 1284 1129 1347 quarti
1168 1284 1451 1331 duodecimo
1484 1301 1630 1347 usque
1667 1285 1722 1330 ad
1765 1284 1904 1330 finem
1939 1293 1986 1330 et

373 1352 628 1398 terminum
654 1351 822 1414 viginti
857 1367 1086 1397 annorum
1123 1362 1293 1398 extunc
1332 1350 1652 1414 proximorum
1690 1349 1984 1415 sequentium

373 1429 418 1465 et
458 1418 659 1482 plenarie
695 1417 1074 1482 completorum:
1129 1417 1343 1464 ffaciend’
1375 1419 1481 1465 inde
1517 1418 1763 1464 servicium
1805 1417 1982 1464 domini

374 1486 497 1550 regis
522 1502 628 1532 cum
660 1486 866 1532 evenerit
893 1485 1151 1531 secundum
1185 1485 1575 1532 consuetudinem
1602 1496 1765 1548 portus
1791 1484 1982 1548 predicti

372 1564 418 1599 et
459 1553 683 1599 reddend'
718 1552 825 1599 inde
866 1552 988 1598 dicte
1030 1553 1373 1599 Communitati
1417 1563 1462 1599 et
1508 1552 1849 1599 successoribus
1890 1552 1984 1598 suis

373 1620 612 1668 annuatim
671 1620 717 1666 in
777 1620 917 1666 Festo
974 1619 1330 1682 Assumpcionis
1377 1619 1505 1666 beate
1571 1620 1724 1666 Marie
1780 1618 1985 1683 Virginis

374 1687 473 1752 iiij0‘
520 1687 732 1734 denarios
779 1685 986 1733 annualis
1035 1686 1275 1734 redditus:
1339 1698 1385 1734 et
1428 1687 1463 1733 si
1513 1687 1755 1750 contingat
1803 1686 1981 1733 dictum

373 1754 612 1801 redditum
651 1754 750 1819 iiij⁰r
787 1754 1086 1801 denariorum
1117 1765 1267 1801 aretro
1303 1753 1402 1800 fore
1439 1754 1484 1800 in
1523 1765 1649 1817 parte
1685 1753 1759 1800 vel
1796 1753 1842 1800 in
1880 1764 1983 1802 toto

376 1822 495 1868 ultra
519 1821 778 1884 predictum
806 1820 979 1867 festum
1006 1821 1250 1868 solutionis
1274 1832 1386 1868 tunc
1419 1821 1532 1867 bene
1556 1821 1712 1868 licebit
1741 1820 1912 1885 Majori
1936 1830 1982 1867 et

376 1888 668 1936 Custodibus
691 1889 900 1953 ejusdem
927 1888 1100 1934 Portus
1125 1889 1206 1951 qui
1234 1906 1319 1952 pro
1349 1900 1559 1952 tempore
1585 1887 1757 1935 fuerint
1796 1887 1981 1934 nomine

374 1955 497 2003 dicte
545 1955 913 2002 Communitatis
959 1966 1004 2001 et
1051 1972 1213 2001 eorum
1268 1973 1583 2002 successorum
1632 1955 1678 2001 in
1726 1955 1980 2018 predictam

375 2023 575 2086 placeam
601 2034 721 2068 terre
756 2022 1047 2085 distringere,
1075 2033 1121 2068 et
1153 2022 1472 2069 districciones
1496 2023 1558 2069 sic
1583 2035 1736 2086 captas
1760 2022 1980 2068 abducere

374 2101 419 2136 et
445 2089 643 2136 retinere
666 2106 910 2153 quousque
951 2089 1008 2135 de
1034 2089 1244 2152 predicto
1269 2090 1454 2136 redditu
1479 2101 1524 2136 et
1549 2090 1607 2137 de
1632 2089 1850 2136 omnibus
1875 2088 1979 2136 inde

375 2156 614 2221 arreragiis
655 2157 781 2202 illiiis
824 2155 998 2218 (?illis)
1039 2155 1239 2218 plenarie
1281 2156 1420 2203 fuerit
1462 2156 1750 2205 satisfactum
1790 2168 1835 2203 et
1878 2173 1981 2220 per-

374 2224 618 2270 solutum:
681 2223 715 2269 si
768 2240 881 2270 vero
922 2223 1077 2269 dictus
1115 2224 1326 2270 redditus
1373 2235 1524 2270 aretro
1571 2223 1711 2270 fuerit
1760 2224 1804 2270 in
1853 2233 1980 2286 parte

375 2291 447 2338 vel
485 2291 530 2337 in
559 2301 661 2337 toto
698 2291 822 2338 ultra
854 2290 1106 2336 terminum
1145 2291 1391 2337 solutionis
1426 2292 1686 2353 predictum
1725 2308 1804 2354 per
1834 2306 1977 2336 unum

374 2369 645 2421 quarterum
688 2357 794 2403 anni
852 2368 898 2403 et
945 2357 1178 2403 districcio
1227 2358 1457 2404 sufficiens
1503 2358 1558 2404 ad
1620 2359 1824 2404 valorem
1867 2356 1977 2405 dicti

375 2425 587 2472 redditus
612 2424 709 2488 iiij⁰¹
735 2425 1030 2471 denariorum
1057 2424 1101 2470 in
1125 2425 1330 2486 predicta
1356 2425 1641 2488 placeaterre
1667 2424 1860 2471 inveniri
1887 2440 1977 2470 non

376 2492 562 2555 poterit,
610 2503 720 2538 tunc
766 2491 942 2538 licitum
1002 2491 1059 2537 sit
1112 2491 1282 2556 Majori
1332 2504 1376 2537 et
1420 2492 1711 2539 Custodibus
1768 2491 1848 2555 qui
1892 2506 1977 2555 pro

376 2570 582 2621 tempore
647 2558 821 2604 fuerint
889 2557 1076 2604 nomine
1135 2558 1258 2605 dicte
1309 2558 1673 2606 Communitatis
1719 2569 1763 2605 et
1816 2573 1976 2605 eorum

372 2642 688 2672 successorum
715 2625 759 2670 in
787 2624 1040 2688 predictam
1062 2625 1260 2688 placeam
1283 2637 1403 2672 terre
1428 2643 1532 2672 cum
1560 2626 1654 2672 suis
1671 2624 1976 2689 pertinenciis,

375 2694 418 2738 in
456 2709 863 2756 quorumcumque
907 2709 1067 2739 manus
1104 2692 1408 2755 imposterum
1451 2694 1706 2748 devenerit,
1756 2692 1975 2738 reintrare

372 2760 580 2806 reseicire
619 2771 663 2806 et
690 2759 919 2822 possidere
957 2759 1000 2804 in
1026 2770 1147 2806 statu
1175 2759 1372 2822 pristino
1396 2760 1740 2823 imperpetuum
1764 2778 1772 2804 z
1801 2774 1975 2805 necnon

374 2827 566 2889 predicti
619 2826 775 2890 Major
821 2837 866 2872 et
915 2826 1143 2872 Custodes
1190 2827 1467 2873 dimiserunt
1506 2839 1551 2874 et
1596 2826 1781 2873 nomine
1829 2825 1976 2872 tocius

2115 586 2120 605 l

2112 612 2118 622 ι
