2192 3342
431 243 487 292 52
908 229 1140 278 DovER
1177 229 1546 278 CHARTERS

1095 363 1153 413 X
1171 362 1270 413 XI
1292 362 1315 412 1
1336 362 1378 416 1.

879 479 1013 533 xxiiij
1047 478 1218 522 Marcii
1249 485 1300 531 17
1330 477 1465 522 Edw.
1498 478 1586 522 111.

431 582 795 650 [E]DWARDUS,
837 583 911 631 dei
949 582 1104 647 gracia
1147 582 1246 629 Rex
1281 582 1471 647 Angfie,
1511 582 1749 629 Dominus
1787 581 2038 640 Hibernie,

427 663 473 698 et
523 653 637 698 Dux
684 651 972 715 Aquitanie;
1043 649 1281 696 Omnibus
1330 650 1387 697 ad
1434 666 1554 714 quos
1605 659 1839 713 presentes
1883 649 2040 697 littere

427 717 1042 782 pervenerint—Salutem.
1163 717 1455 780 Inspeximus
1512 716 1753 781 quoddam
1811 717 2038 780 scriptum

427 786 742 842 indentatum‚
785 784 946 848 sigillo
989 783 1361 831 Communitatis
1407 794 1571 847 portus
1613 783 1760 831 nostri
1804 784 2037 840 Dovorre,

428 863 474 899 et
497 852 660 916 sigillis
687 851 845 899 dilecti
881 862 928 899 et
963 850 1113 898 fidelis
1149 851 1295 898 nostri
1327 850 1594 908 Edmundi,
1620 850 1821 898 Comitis
1847 851 2037 909 Kaneie,

428 918 585 966 fratris
632 919 779 967 nostri
827 918 1063 976 carissimi,
1107 935 1256 982 nuper
1302 918 1644 966 Constabularii
1693 917 1843 965 Castri
1891 918 2038 965 nostri

429 988 663 1043 Dovorre,
713 997 759 1033 et
812 985 1035 1033 Custodis
1092 985 1302 1050 quinque
1360 997 1585 1049 portuum
1646 995 1933 1042 nostrorum,
1991 994 2039 1032 et

427 1054 727 1118 quorundam
761 1053 1078 1118 Burgensium
1102 1063 1148 1099 et
1177 1052 1530 1100 Combaronum
1568 1063 1837 1100 nostrorum
1874 1063 2039 1116 portus

429 1120 640 1184 predicti,
666 1120 1009 1184 consignatum,
1035 1120 1082 1166 in
1107 1120 1189 1166 hec
1214 1119 1422 1166 verba—

531 1187 756 1234 Noverint
776 1189 970 1235 universi
992 1187 1105 1251 quod
1135 1204 1225 1234 cum
1263 1188 1535 1235 contenciones
1568 1198 1609 1233 et
1631 1188 1910 1233 controversie
1935 1198 2039 1233 mote

417 1255 610 1318 fuissent
631 1257 742 1301 inter
766 1255 1050 1302 Gullielmum
1076 1255 1119 1298 V
1117 1255 1254 1318 irgile,
1272 1254 1514 1301 Ricardum
1533 1255 1738 1315 Archyer,
1765 1253 2038 1300 Wllelmum

433 1322 607 1383 Hurtyn
637 1334 677 1368 et
704 1322 825 1378 alios,
862 1322 913 1368 de
949 1322 1149 1368 Societate
1190 1334 1341 1368 vocata
1383 1337 1639 1377 FERSCHH‘,
1668 1321 1866 1367 habentes
1901 1337 2040 1368 naves

432 1401 610 1436 vocatas
638 1405 915 1437 PASSAGERS
941 1390 984 1435 in
1008 1389 1124 1435 villa
1151 1388 1350 1436 Dovorre
1374 1406 1423 1435 ex
1438 1400 1567 1449 parte
1597 1405 1696 1444 una,
1723 1400 1763 1434 et
1787 1387 2038 1447 Johannem

428 1468 513 1503 atte
533 1456 622 1516 See,
651 1457 850 1503 Thomam
876 1456 1044 1512 Reade‚
1077 1455 1348 1502 Wllelmum
1373 1455 1534 1501 Russel
1555 1467 1596 1501 et
1616 1455 1723 1501 alios
1760 1454 2040 1502 Combarones

429 1534 638 1586 sequentes
667 1537 753 1585 pro
791 1524 1103 1570 Communitate
1132 1522 1240 1569 ville
1257 1523 1448 1585 predicte
1471 1539 1521 1568 ex
1546 1522 1686 1568 altera
1712 1520 1887 1586 [parte]
1910 1535 2039 1584 super

423 1589 608 1651 proficuo
627 1592 822 1653 passagii
844 1591 954 1636 inter
976 1589 1229 1636 Dovorram
1263 1602 1304 1636 et
1330 1589 1546 1648 W¹tsand
1567 1589 1752 1649 capiend
1762 1589 1772 1605 '
1790 1608 1808 1645 ;
1852 1590 2039 1636 Tandem

429 1659 574 1704 amicis
625 1657 1000 1704 intervenientibus
1052 1660 1098 1702 in
1145 1658 1256 1704 hunc
1293 1657 1460 1703 modum
1508 1657 1774 1719 quieverunt,
1825 1656 2038 1713 videlicet,

431 1724 544 1788 quod
554 1725 746 1786 predicti
776 1724 1037 1782 Wllelmus,
1063 1724 1300 1780 Ricardus,
1327 1723 1580 1779 Willelmus,
1598 1736 1682 1784 pro
1708 1740 1751 1769 se
1775 1735 1816 1770 et
1838 1723 2040 1770 Societate

429 1808 522 1849 sua,
560 1803 601 1838 et
633 1791 821 1838 omnibus
854 1807 988 1838 naves
1015 1792 1316 1853 passagiarias
1348 1790 1614 1847 habentibus,
1649 1790 1724 1836 vel
1759 1791 1802 1837 in
1831 1792 2039 1852 futurum

429 1858 656 1916 habituris,
683 1859 907 1905 concedunt
923 1869 1156 1918 spontanea
1177 1858 1396 1904 voluntate
1415 1859 1458 1903 in
1477 1858 1684 1904 auxilium
1709 1858 2040 1904 Communitatis

424 1925 614 1988 predicte
654 1926 758 1972 dare
793 1938 835 1972 et
868 1924 1128 1971 contribuere
1168 1925 1220 1971 de
1261 1924 1445 1987 quolibet
1477 1924 1610 1986 fretto
1649 1924 1873 1987 cujuslibet
1911 1926 2040 1972 navis

417 1994 603 2055 frettate
627 2009 719 2039 cum
745 1994 862 2056 equis
886 1993 937 2038 de
963 1991 1168 2039 Dovorra
1205 2008 1336 2054 usque
1366 1991 1584 2052 betsand
1602 1992 1703 2038 duos
1734 1992 1901 2048 solidos,
1927 2002 1968 2038 et
1989 1992 2040 2038 de

431 2059 613 2123 quolibet
638 2061 910 2122 passagiario
935 2059 1121 2119 frettato
1156 2074 1249 2105 cum
1294 2058 1514 2119 peditibus
1562 2059 1777 2105 duodecim
1825 2059 2038 2117 denarios,

424 2127 690 2189 percipiend'
706 2139 792 2187 per
811 2127 914 2173 duos
938 2126 1128 2172 homines
1152 2125 1229 2172 vel
1251 2136 1335 2171 tres
1368 2125 1431 2171 ad
1450 2126 1525 2171 hoc
1553 2126 1694 2172 electos
1718 2126 1770 2172 de
1793 2125 1977 2173 navibus
2001 2137 2043 2172 et

431 2194 595 2240 batellis
611 2193 817 2255 predictis
834 2195 1093 2256 priusquam
1119 2193 1243 2238 litore
1269 2193 1479 2250 recedant,
1501 2204 1541 2238 et
1559 2192 1606 2240 in
1626 2193 1813 2255 quadam
1835 2194 2042 2239 communi

429 2263 539 2307 cista
556 2274 642 2323 per
657 2262 858 2323 majorem
879 2272 919 2306 et
926 2261 1100 2322 juratos
1117 2260 1301 2322 ejusdem
1321 2259 1435 2317 ville,
1464 2261 1536 2322 qui
1552 2272 1635 2321 pro
1655 2271 1836 2320 tempore
1847 2260 2040 2320 fuerint,

429 2328 712 2389 deponantur.
783 2329 846 2374 Et
858 2340 942 2388 pro
966 2328 1049 2373 ista
1075 2328 1325 2372 concessione
1355 2327 1539 2388 predicti
1573 2325 1813 2385 Johannes‚
1841 2327 2040 2385 Thomas,

430 2406 470 2440 et
520 2395 775 2452 Wllelmus,
816 2407 900 2456 pro
940 2394 1070 2440 simul
1113 2394 1242 2440 simul
1291 2393 1396 2456 [sic]
1447 2410 1538 2439 cum
1592 2405 1674 2439 tota
1731 2394 2042 2440 Communitate

429 2462 627 2523 predicta
676 2462 951 2508 concederunt
996 2460 1109 2523 quod
1154 2461 1345 2521 predicti
1405 2460 1472 2505 Η]
1468 2460 1666 2518 illelmus,
1716 2460 1955 2517 Ricardus,
2003 2473 2043 2506 et

438 2529 686 2588 Wllelmus,
732 2541 772 2575 et
815 2529 914 2575 socii
958 2528 1008 2573 de
1057 2527 1258 2574 Societate
1311 2527 1507 2587 predicta
1555 2544 1688 2574 naves
1741 2529 2040 2590 passagiarias

431 2596 646 2652 habentes,
683 2608 724 2642 et
756 2598 1027 2656 imposterum
1064 2594 1197 2641 abiles
1229 2595 1292 2640 ad
1313 2596 1563 2657 passagium
1587 2594 1793 2655 faciend’
1829 2594 2040 2651 habituri,

425 2676 510 2723 per
553 2681 597 2709 se
637 2675 677 2709 et
713 2679 809 2710 suos
849 2664 1049 2724 passagio
1090 2661 1282 2723 predicto
1331 2677 1421 2707 cum
1470 2661 1658 2707 omnibus
1700 2660 1906 2723 proficuis
1944 2661 2041 2708 inde

425 2730 780 2789 provenientibus
827 2729 953 2775 libere
1000 2741 1047 2775 ut
1098 2729 1338 2789 predictum
1386 2739 1449 2773 est
1493 2730 1584 2774 sine
1630 2732 1743 2774 omni
1791 2729 2038 2789 calumpnia

437 2797 755 2844 Communitatis
782 2798 974 2858 predicte
1008 2798 1072 2842 uti
1103 2797 1262 2856 possint
1297 2807 1336 2840 et
1362 2795 1556 2857 gaudere
1592 2797 1913 2857 imperpetuum.
1987 2796 2039 2841 In
