2192 3342
434 259 521 306 106
908 257 1141 305 DOVER
1177 255 1548 305 CHARTERS

1122 395 1373 448 XXXV.

849 511 969 564 xxxj
1004 510 1309 563 Decembriis,
1342 520 1388 553 11
1423 510 1522 553 Ric.
1556 510 1616 553 11.

428 614 548 661 Hac
586 616 835 662 indentura
871 626 1066 661 testatur
1101 616 1232 680 quod
1266 615 1502 676 Johannes
1539 615 1744 679 Monyn,
1781 614 1953 679 Major,
1990 626 2035 661 et

425 682 661 742 Johannes
713 681 959 738 Hamone,
1008 683 1220 730 Thomas
1278 683 1425 742 Lord,
1486 682 1722 730 Robertus
1759 681 1931 744 Aleyn,
1990 692 2036 728 et

426 749 663 809 Jonannes
703 760 795 795 atte
840 749 1003 807 Melle,
1041 750 1254 797 custodes
1279 760 1444 813 portus
1486 749 1723 807 Dovorre,
1760 748 1949 796 nomine
1990 760 2037 795 et

426 833 612 863 assensu
659 815 809 863 tocius
845 815 1213 864 Communitatis
1259 827 1424 880 portus
1470 817 1664 880 predicti
1712 826 2037 863 concesserunt

427 894 473 929 et
497 883 555 930 ad
579 882 706 930 feodi
727 882 911 930 firmam
947 883 1226 932 dimiserunt
1249 884 1498 931 Willelmo
1524 884 1717 931 Chilton
1741 895 1787 930 et
1810 883 2036 944 Johanne‚

430 950 564 996 uxori
621 951 737 1016 ejus,
798 967 938 997 unam
996 951 1198 1014 placeam
1258 962 1378 998 terre
1437 968 1578 998 vacue
1627 951 1860 1016 jacentem
1917 947 2039 996 infra

428 1017 691 1064 libertatem
717 1028 880 1081 portus
906 1018 1126 1065 Dovorre
1150 1018 1197 1065 in
1224 1019 1614 1066 Deremanwarde
1638 1019 1695 1066 ad
1716 1028 2036 1066 tenementum

429 1084 593 1131 ldonie
630 1085 820 1131 Soltone
866 1101 1030 1133 versus
1068 1086 1337 1143 northwest,
1379 1097 1426 1132 et
1472 1097 1641 1133 terram
1682 1086 1870 1132 Thome
1907 1084 2037 1131 Lord

430 1168 590 1198 versus
629 1153 900 1210 southwest,
942 1163 987 1200 et
1027 1152 1203 1217 regiam
1252 1164 1442 1200 stratam
1489 1169 1651 1200 versus
1698 1153 1952 1209 northeast,
1991 1162 2037 1198 et

431 1230 748 1266 tenementum
785 1219 980 1282 predicti
1017 1220 1250 1266 Willelmi
1288 1237 1449 1266 versus
1483 1220 1727 1267 southest:
1767 1218 1964 1266 habend‘
1990 1229 2037 1265 et

429 1287 615 1334 tenend'
641 1287 897 1350 predictam
934 1288 1135 1351 placeam
1172 1299 1292 1334 terre
1328 1304 1436 1334 cum
1472 1287 1769 1351 pertinenciis
1803 1287 1900 1333 suis
1934 1302 2039 1350 pre-

431 1352 537 1400 fatis
561 1353 809 1400 Willelmo
833 1365 878 1400 et
902 1354 1130 1415 Johanne‚
1152 1355 1287 1401 uxori
1312 1371 1408 1410 sue,
1440 1354 1691 1401 heredibus
1722 1366 1767 1401 et
1792 1353 2039 1418 assignatis

429 1421 588 1496 ipsius·
632 1420 860 1468 Willelmi
919 1421 1301 1486 imperpetuum:
1363 1421 1573 1468 ffaciend'
1632 1422 1740 1468 inde
1798 1419 2037 1469 annuatim

430 1488 679 1535 servicium
727 1488 907 1535 domini
951 1489 1094 1553 Regis
1140 1505 1247 1536 cum
1295 1489 1512 1536 acciderit
1547 1489 1802 1536 secundum
1843 1505 2039 1535 consue-

432 1555 645 1602 tudinem
687 1566 852 1619 portus
887 1557 1115 1618 predicti:
1160 1567 1206 1602 et
1241 1556 1467 1604 reddend'
1492 1555 1602 1603 inde
1637 1555 1878 1604 annuatim
1916 1555 2038 1602 dicte

431 1622 757 1669 communitati
804 1633 850 1669 et
901 1623 1241 1670 successoribus
1285 1623 1381 1670 suis
1439 1623 1495 1670 ad
1549 1623 1718 1670 festum
1766 1623 2040 1670 Nativitatis

433 1689 583 1737 Sancti
623 1690 850 1751 Johannis
890 1690 1112 1754 Baptiste‚
1154 1707 1233 1736 sex
1268 1690 1482 1737 denarios
1521 1690 1853 1766 sterlingorum
1897 1689 2037 1737 annui

432 1757 677 1813 redditus;
715 1768 761 1804 et
793 1757 828 1804 si
866 1758 1104 1821 predictus
1129 1757 1341 1804 redditus
1376 1768 1529 1805 aretro
1553 1757 1697 1805 fuerit
1730 1776 1775 1805 in
1801 1770 1930 1821 parte
1967 1756 2038 1803 vel

431 1824 479 1870 in
520 1834 624 1871 toto
667 1825 789 1871 ultra
829 1825 1084 1871 terminum
1126 1825 1389 1888 predictum
1432 1836 1546 1872 tunc
1587 1825 1742 1872 licebit
1782 1824 1945 1890 majori
1993 1836 2039 1871 et

432 1891 706 1938 custodibus
751 1902 797 1938 et
843 1891 940 1938 suis
974 1891 1328 1948 successoribus,
1367 1893 1449 1956 qui
1483 1908 1569 1955 pro
1601 1903 1811 1956 tempore
1847 1891 2038 1951 fuerint,

432 1959 619 2005 nomine
637 1958 759 2005 dicte
777 1959 1132 2006 communitatis
1146 1959 1193 2005 in
1210 1959 1417 2022 predicta
1434 1960 1587 2022 placea
1605 1971 1728 2007 terre
1746 1959 2040 2024 distringere,

429 2025 749 2073 districciones
805 2026 1032 2073 abducere
1066 2037 1112 2073 et
1169 2026 1368 2073 retinere
1413 2044 1665 2090 quousque
1715 2027 1773 2074 de
1831 2027 2043 2090 predicto

430 2093 620 2140 redditu
666 2104 712 2140 et
753 2093 810 2140 de
855 2092 1076 2140 omnibus
1117 2093 1225 2140 inde
1266 2094 1508 2158 arreragiis
1547 2094 1639 2140 illis
1686 2093 1818 2157 plene
1865 2092 2041 2140 fuerint

429 2159 716 2207 satisfactum
741 2178 749 2207 z
790 2159 825 2206 si
851 2176 964 2207 vero
988 2161 1225 2223 predictus
1250 2161 1462 2208 redditus
1481 2173 1634 2208 aretro
1659 2159 1818 2218 fuerit,
1839 2160 1885 2207 in
1912 2172 2040 2224 parte

431 2227 504 2274 vel
545 2227 592 2273 in
634 2237 752 2283 toto,
778 2244 858 2290 per
895 2244 1043 2274 unum
1080 2245 1256 2274 annum
1293 2245 1442 2274 unum
1475 2228 1599 2275 diem
1626 2228 1747 2275 ultra
1782 2228 2039 2275 terminum

432 2294 677 2357 prefixum,
703 2305 750 2340 et
774 2294 1010 2341 districcio
1035 2294 1267 2341 sufficiens
1291 2296 1346 2341 ad
1374 2294 1578 2341 valorem
1604 2295 1718 2342 dicti
1756 2296 1969 2342 redditus
1992 2295 2038 2342 in

433 2362 638 2426 predicta
671 2361 824 2424 placea
859 2361 1055 2408 inveniri
1087 2378 1179 2408 non
1217 2362 1390 2425 poterit
1415 2374 1526 2408 tunc
1560 2363 1741 2409 licitum
1773 2363 1832 2409 sit
1864 2362 2038 2409 eisdem

434 2429 597 2494 majori
643 2439 690 2475 et
737 2429 1011 2476 custodibus
1051 2429 1133 2494 qui
1183 2446 1269 2491 pro
1317 2441 1525 2492 tempore
1572 2429 1747 2477 fuerint
1789 2441 1834 2477 et
1875 2446 2038 2477 eorum

431 2495 775 2543 successoribus
834 2496 1023 2543 nomine
1092 2496 1213 2543 dicte
1271 2497 1622 2544 communitatis
1680 2497 1726 2543 in
1786 2497 2039 2560 predictam

433 2563 631 2626 placeam
679 2573 801 2610 terre
860 2580 967 2610 cum
1015 2563 1112 2609 suis
1165 2563 1474 2626 pertinenciis,
1523 2564 1568 2610 in
1627 2580 2040 2628 quorumcumque

434 2647 597 2677 manus
638 2630 947 2694 imposterum
989 2630 1245 2686 devenerit,
1283 2631 1504 2677 reintrare
1541 2642 1586 2678 et
1629 2630 1751 2678 illam
1790 2631 1835 2677 in
1874 2648 2039 2678 manus

434 2714 538 2743 suas
580 2697 783 2743 reseisire
825 2709 869 2743 et
913 2697 1143 2760 possidere
1187 2698 1230 2743 in
1276 2709 1397 2744 statu
1436 2698 1636 2761 pristino
1678 2699 2038 2761 imperpetuum,

432 2764 604 2827 absque
641 2764 979 2827 impedimento
1023 2764 1093 2812 vel
1131 2765 1474 2812 contradicione
1515 2782 1679 2812 eorum
1720 2765 1946 2811 Willelmi
1994 2777 2039 2811 et

430 2831 644 2891 Johanne
691 2832 914 2879 heredum
964 2843 1043 2878 aut
1085 2832 1426 2896 assignatorum
1475 2833 1619 2896 ipsius
1663 2831 1920 2879 Willelmi:
1976 2833 2038 2879 Et
