2181 3155
293 172 390 219 434
783 155 1016 204 DovER
1051 154 1417 203 CHARTERS

909 288 953 339 C
972 288 1029 338 X
1051 288 1108 337 X
1123 288 1176 338 V
1199 287 1221 337 1
1248 288 1288 338 1.

847 403 960 456 xxvj
999 402 1130 454 Maii,
1162 401 1190 443 6
1222 402 1340 445 Eliz.

293 507 576 554 Novnmwr
600 506 804 553 universi
830 523 911 570 per
929 515 1164 569 presentes
1182 521 1281 564 nOS‚
1307 504 1547 552 Thomam
1576 504 1827 566 Gooreley,
1850 514 1898 551 et

292 574 556 635 Johannem
580 574 855 638 Spritwelle,
879 573 937 620 de
972 572 1097 619 Villa
1130 583 1177 619 et
1203 571 1350 619 Portu
1377 573 1552 628 Dover,
1578 571 1626 618 in
1652 571 1899 621 Comitatu

296 641 486 699 Kancie,
511 658 696 704 yomen,
721 639 866 688 teneri
903 650 950 686 et
974 638 1171 686 firmiter
1195 638 1390 704 obligari
1414 638 1616 700 Johanni
1641 637 1819 685 Warde
1842 637 1902 685 de

293 708 454 756 eadem
489 707 599 755 villa
632 706 681 754 in
715 707 878 754 decem
913 705 1043 753 libris
1073 705 1194 753 bone
1221 716 1267 753 et
1302 705 1463 771 legalis
1499 715 1686 753 monete
1710 703 1899 770 Anglie,

293 774 504 822 solvend‘
550 774 703 822 eidem
747 773 949 835 Johanni
991 773 1182 830 Warde,
1229 783 1309 820 aut
1348 789 1435 820 suo
1480 783 1609 820 certo
1648 782 1897 829 attornato,

294 841 555 899 heredibus
579 839 917 898 executoribus,
950 839 1023 886 vel
1047 840 1303 905 assignatis,
1327 840 1436 896 suis,
1460 840 1518 888 ad
1541 856 1682 904 quam
1705 838 1900 904 quidem

293 908 579 956 solucionem
627 908 742 955 bene
798 918 845 954 et
889 906 1090 955 fideliter
1149 905 1344 954 faciend'
1392 906 1655 971 obligamus
1712 922 1798 953 nos
1853 915 1900 952 et

296 987 551 1039 utrumque
576 985 790 1022 nostrum
815 990 897 1038 per
936 990 983 1021 se
1018 984 1065 1021 et
1089 990 1177 1038 pro
1200 984 1306 1022 toto
1340 984 1387 1021 et
1422 973 1470 1020 in
1505 973 1666 1021 solidis
1690 973 1896 1029 heredes,

294 1052 577 1099 executores,
622 1052 670 1089 et
726 1041 983 1106 assignatos
1024 1051 1226 1099 nostros,
1283 1039 1479 1088 firmiter
1530 1057 1611 1105 per
1649 1051 1900 1104 presentes,

295 1109 460 1175 sigillis
484 1108 655 1156 nostris
677 1107 902 1172 sigillatis.

396 1177 578 1224 Datum
595 1174 704 1241 xxvj
722 1175 798 1222 die
817 1175 937 1222 Maii
956 1191 1079 1222 anno
1098 1174 1229 1239 regni
1247 1174 1438 1222 domine
1463 1184 1619 1221 nostre
1635 1172 1899 1232 Elizabeth,

295 1243 370 1290 dei
417 1242 570 1308 gracia
625 1241 816 1307 Anglie,
875 1240 1114 1300 ffrauncie,
1169 1252 1217 1288 et
1275 1240 1510 1288 Hibernie
1556 1239 1734 1305 regine,
1792 1239 1899 1288 fidei

296 1308 568 1367 defensoris,
592 1319 697 1366 etc.‚
722 1319 870 1357 sexto.
940 1310 1087 1356 Anno
1117 1309 1260 1372 1564.

299 2005 444 2070 [158]
