2192 3342
441 247 504 294 90
920 232 1153 280 DovER
1191 232 1560 280 CHARTERS

1098 428 1379 480 XXVIII.

934 562 1034 591 xxv
1062 549 1177 600 Julii
1206 555 1259 601 37
1290 549 1423 592 Edw.
1457 549 1543 592 111.

439 656 633 700 SC1ANT
658 661 894 715 presentes
927 662 974 698 et
1009 651 1158 699 futuri
1195 653 1324 716 quod
1362 669 1446 700 nos
1479 653 1715 714 Johannes
1749 653 1958 700 Palmere
1993 654 2051 701 de

442 721 689 784 Hugham,
753 718 990 766 Robertus
1057 718 1274 766 Taillour
1338 720 1396 766 de
1443 721 1670 780 Doverra,
1727 732 1774 768 et
1836 721 2052 786 Rogerus

441 788 689 834 Shereman
714 786 772 833 de
807 785 985 844 eadem,
1011 785 1227 834 dedimus
1261 788 1570 834 concessimus
1601 799 1663 847 et,
1689 787 1890 851 presenti
1929 799 2052 834 carta

441 865 614 914 nostra,
656 853 1036 901 confirmavimus
1087 853 1244 901 Alano
1286 854 1513 920 Wrangel
1561 867 1607 902 et
1655 854 1862 902 Cristine
1917 854 2049 901 uxori

439 939 538 981 sue,
577 938 668 986 que
705 919 795 968 fuit
838 937 955 967 uxor
992 919 1223 967 Willelmi
1262 932 1358 968 atte
1400 922 1534 970 Pette
1573 922 1772 982 cissoris‚
1808 921 2050 986 quoddam

439 998 759 1036 tenementum
800 1004 907 1034 cum
947 987 1042 1035 suis
1072 989 1368 1052 pertinenciis
1401 989 1558 1054 jacens
1600 988 1720 1036 infra
1761 989 2050 1036 Libertatem

441 1067 606 1120 portus
651 1057 869 1103 Dovorre
916 1055 963 1101 in
1003 1056 1399 1120 Snorgatewarde‚
1447 1056 1663 1103 videlicet
1710 1056 1831 1103 inter
1878 1068 2050 1103 terram

440 1125 484 1169 T
490 1124 628 1170 home
668 1122 860 1185 Spisour
893 1139 1052 1168 versus
1089 1123 1358 1183 southwest‚
1388 1134 1434 1170 et
1463 1134 1785 1170 tenementum
1825 1123 2049 1170 heredum

439 1191 664 1251 johannis
690 1190 865 1254 Joseph
898 1206 1058 1236 versus
1087 1189 1360 1250 northwest,
1397 1201 1442 1237 et
1482 1191 1654 1254 Regias
1690 1201 1856 1238 stratas
1891 1206 2052 1236 versus

442 1258 666 1321 versus(!)
705 1258 916 1304 northest
951 1267 997 1304 et
1032 1258 1305 1316 southwest,
1331 1258 1462 1322 quod
1494 1258 1689 1322 quidem
1727 1268 2050 1304 tenementum

442 1342 588 1389 nuper
618 1324 864 1371 habuimus
894 1341 950 1371 ex
978 1324 1106 1371 dono
1138 1335 1184 1372 et
1213 1324 1518 1372 feoffamento
1545 1325 1657 1372 dicti
1696 1324 1925 1371 Willelmi
1958 1335 2052 1372 atte

443 1393 607 1439 Pette:
660 1391 854 1439 habend'
893 1402 939 1438 et
987 1392 1169 1438 tenend’
1219 1403 1375 1439 totum
1415 1392 1681 1455 predictum
1728 1402 2051 1439 tenementum

442 1476 549 1506 cum
582 1459 679 1506 suis
703 1458 997 1522 pertinenciis
1030 1457 1219 1522 prefatis
1244 1460 1403 1507 Alano
1426 1471 1472 1506 et
1503 1458 1708 1506 Cristine
1733 1458 1867 1505 uxori
1896 1475 1976 1505 sue
2005 1470 2053 1506 et

441 1543 605 1574 eorum
640 1525 881 1590 assignatis
909 1527 965 1573 ad
992 1536 1140 1573 totam
1172 1527 1317 1573 vitam
1355 1526 1565 1590 ipsorum
1593 1526 1735 1573 Alani
1760 1537 1806 1573 et
1845 1525 2053 1575 Cristine

442 1595 555 1640 bene
579 1604 625 1640 et
650 1594 696 1640 in
723 1609 831 1657 pace
855 1592 1067 1640 ffaciend’
1094 1593 1202 1640 inde
1232 1593 1482 1640 servicium
1506 1593 1685 1640 domini
1722 1593 1842 1658 regis
1865 1593 2055 1658 quando

442 1661 649 1708 evenerit
674 1661 932 1708 secundum
970 1660 1359 1707 consuetudinem
1397 1671 1560 1725 portus
1588 1660 1802 1724 predicti,
1827 1677 1878 1707 ac
1908 1660 2050 1707 etiam

443 1728 714 1792 capitalibus
771 1727 976 1774 dominis
1034 1726 1161 1775 feodi
1208 1727 1333 1774 illius
1381 1727 1537 1775 omnia
1582 1727 1773 1774 servicia
1829 1727 1894 1774 eis
1941 1727 2050 1774 inde

442 1796 681 1842 annuatim
723 1794 879 1842 debita
919 1806 966 1841 et
1007 1796 1063 1842 de
1103 1795 1211 1859 jure
1253 1806 1504 1842 consueta:
1565 1806 1611 1842 et
1658 1807 1762 1858 post
1808 1795 2049 1841 decessum

444 1864 653 1926 ipsorum
695 1862 835 1908 Alani
882 1873 929 1909 et
971 1861 1172 1909 Cristine
1219 1873 1375 1909 totum
1419 1862 1683 1926 predictum
1730 1872 2051 1909 tenementum

444 1947 551 1976 cum
589 1930 683 1976 suis
715 1929 1012 1993 pertinenciis
1049 1940 1282 1976 remaneat
1321 1929 1510 1976 Isabelle
1549 1929 1726 1994 Agneti
1765 1940 1811 1976 et
1853 1928 2054 1975 Cristine

444 1997 622 2043 filiabus
650 1996 847 2061 predicti
876 1996 1105 2042 Willelmi
1144 2007 1190 2043 et
1221 1997 1474 2044 heredibus
1501 1997 1558 2043 de
1583 1996 1860 2059 corporibus
1890 2012 2054 2043 eorum

445 2064 650 2129 legitime
680 2063 928 2127 procreatis
965 2063 1079 2110 bene
1118 2075 1163 2110 et
1190 2064 1235 2110 in
1275 2080 1383 2126 pace
1414 2064 1522 2129 jure
1559 2063 1840 2110 hereditario
1881 2063 2054 2127 imper-

446 2142 677 2195 petuum.
716 2130 903 2178 tenend'
930 2147 1010 2193 per
1039 2130 1287 2178 servicium
1317 2131 1496 2177 domini
1530 2131 1650 2195 regis
1682 2130 1971 2177 antedictum
2008 2141 2055 2177 et

445 2215 526 2262 per
563 2197 755 2244 servicia
792 2197 1060 2261 capitalibus
1088 2198 1292 2245 dominis
1321 2198 1463 2245 ffeodi
1502 2197 1625 2244 illius
1662 2197 1769 2244 inde
1807 2197 1963 2244 debita
2007 2209 2054 2244 et

445 2276 666 2312 consueta
692 2284 699 2311 :
739 2276 785 2311 et
820 2281 903 2312 nos
932 2264 1127 2328 predicti
1161 2265 1396 2325 Johannes
1426 2265 1663 2312 Robertus
1690 2276 1736 2312 et
1767 2265 1982 2329 Rogerus
2009 2275 2054 2310 et

445 2333 639 2380 heredes
665 2332 811 2378 nostri
835 2331 1242 2378 warantizabimus
1266 2343 1421 2379 totum
1446 2333 1710 2395 predictum
1737 2342 2054 2379 tenementum

446 2416 552 2447 cum
594 2399 815 2446 omnibus
853 2398 1149 2462 pertinenciis
1185 2400 1295 2456 suis,
1335 2398 1526 2463 prefatis
1569 2399 1725 2447 Alano
1765 2410 1811 2445 et
1851 2398 2055 2446 Cristine

448 2467 581 2514 uxori
606 2483 688 2513 sue
713 2467 769 2514 ad
795 2477 941 2514 totam
966 2466 1108 2512 vitam
1132 2467 1390 2513 eorundem
1410 2466 1547 2512 Alani
1567 2477 1613 2513 et
1637 2466 1854 2525 Cristine,
1879 2477 1926 2512 et
1950 2477 2055 2528 post

445 2535 683 2582 decessum
718 2533 926 2596 ipsorum
965 2533 1103 2579 Alani
1143 2544 1188 2580 et
1221 2533 1422 2580 Cristine
1459 2532 1639 2580 filiabus
1673 2533 1786 2580 dicti
1825 2531 2053 2579 Willelmi

446 2614 490 2648 et
533 2601 782 2648 heredibus
827 2601 885 2647 de
926 2600 1199 2664 corporibus
1245 2617 1406 2647 eorum
1448 2600 1653 2665 legitime
1678 2599 1928 2664 procreatis
1966 2600 2054 2647 im—

448 2680 727 2732 perpetuum
753 2679 915 2714 contra
938 2684 1099 2714 omnes
1121 2679 1293 2732 gentes,

551 2736 602 2781 In
633 2735 766 2799 cujus
804 2736 866 2781 rei
898 2735 1220 2781 testimonium
1256 2735 1452 2798 presenti
1485 2746 1607 2781 carte
1640 2734 1878 2780 indentate
1907 2733 2055 2798 sigilla

451 2814 605 2850 nostra
644 2803 959 2866 apposuimus.
1047 2803 1166 2848 Data
1200 2804 1413 2850 Dovorra
1456 2802 1500 2847 in
1548 2801 1669 2848 festo
1704 2801 1847 2848 sancti
1894 2800 2053 2861 Jacobi
