2181 3155
454 244 505 288 18
517 244 540 287 8
927 239 1167 286 DOVER
1205 238 1577 286 CHARTERS

444 372 556 419 dicti
592 371 773 420 domini
812 372 955 437 Regis
990 382 1035 418 et
1072 371 1295 418 heredum
1330 387 1525 417 suorum
1562 368 1745 428 factam,
1770 371 2058 434 requirentes

443 440 630 486 eosdem
659 440 893 504 Majorem
918 450 963 485 et
990 438 1394 484 Communitatem
1420 437 1543 485 dicte
1570 437 1676 483 ville
1700 438 1757 484 de
1783 436 2057 485 ffaversham

445 523 525 570 per
547 507 729 553 easdem
755 507 932 553 litteras
958 518 1007 552 ut
1033 506 1118 569 ipsi
1145 517 1350 569 quatuor
1375 506 1576 551 Barones
1599 505 1657 551 de
1681 505 1842 551 eadem
1869 504 1977 551 villa
1999 505 2058 552 de

446 573 744 620 ffaveresham
792 574 1073 620 discrecione
1131 584 1176 619 et
1223 572 1503 618 sufficiencia
1556 571 1729 618 habiles
1780 572 1964 636 eligant,
2010 582 2056 619 et

442 641 618 688 eisdem
647 641 823 706 Majori
861 653 906 687 et
933 640 1271 688 Communitati
1298 639 1420 687 dicte
1458 638 1564 685 ville
1592 640 1821 695 Dovorre,
1849 640 1906 686 ad
1931 639 2055 686 diem

445 709 490 754 in
548 708 686 755 dictis
754 708 921 754 litteris
978 707 1307 771 specificatum,
1371 724 1452 769 per
1522 706 1700 752 litteras
1757 706 1844 752 sub
1901 706 2058 770 sigillo

448 775 713 840 Majoratus
738 775 861 822 dicte
897 775 1007 821 ville
1031 776 1090 822 de
1115 775 1417 820 ffaveresham
1452 773 1690 836 sigillatas,
1716 785 1762 819 et
1787 790 1868 836 per
1892 790 2056 820 eorum

444 859 740 889 communem
773 842 1054 888 servientem
1089 853 1309 905 portatas,
1341 851 1581 887 retornent
1617 852 1661 886 et
1699 840 1968 896 certificent,
1998 841 2056 888 de

443 909 810 973 quibusquidem
846 920 1048 972 quatuor
1072 908 1330 955 Baronibus
1363 909 1424 954 sic
1461 909 1618 954 electis
1646 908 1788 954 iidem
1828 907 1986 972 Major
2010 918 2055 954 et

445 977 770 1023 Communitas
793 977 918 1023 dicte
937 975 1045 1022 ville
1072 976 1291 1022 Dovorre
1318 992 1480 1031 unum,
1506 992 1646 1039 quem
1674 976 1757 1037 ipsi
1786 991 1867 1037 per
1890 991 2055 1021 eorum

444 1044 773 1090 discrecionem
810 1043 1074 1106 probiorem
1100 1055 1145 1089 et
1172 1043 1443 1088 habiliorem
1482 1042 1683 1088 viderint
1710 1054 1789 1087 aut
1820 1043 2055 1097 sciverint,

443 1110 616 1174 eligent
639 1127 651 1166 ;
687 1122 732 1157 et
757 1127 864 1156 eum
889 1110 945 1156 ad
970 1111 1148 1156 dictum
1170 1122 1347 1156 certum
1374 1109 1729 1172 parliamentum
1748 1122 1798 1155 ut
1825 1126 1972 1155 unum
1998 1110 2056 1156 de

445 1177 704 1224 Batonibus
732 1178 854 1224 dicte
892 1177 1000 1223 ville
1040 1178 1258 1223 Dovorre
1297 1193 1402 1223 cum
1441 1178 1587 1222 altero
1629 1177 1805 1222 Barone
1847 1177 2054 1241 ejusdem

443 1245 553 1292 ville
601 1243 769 1291 facient
818 1245 1076 1291 retornari:
1130 1244 1194 1290 Et
1246 1261 1385 1306 super
1427 1244 1514 1289 hoc
1552 1244 1747 1307 predicti
1803 1243 1963 1308 Major
2009 1255 2054 1290 et

446 1312 772 1359 Communitas
806 1312 928 1358 dicte
963 1312 1073 1359 ville
1100 1312 1316 1358 Dovorre
1353 1327 1523 1356 nomen
1560 1311 1753 1357 Baronis
1789 1311 1910 1356 dicte
1947 1310 2055 1357 ville

444 1380 502 1426 de
528 1379 830 1426 ffaveresham
869 1396 949 1441 per
984 1380 1107 1441 ipsos
1146 1379 1378 1442 Majorem
1416 1389 1460 1424 et
1498 1378 1898 1424 Communitatem
1933 1377 2055 1424 dicte

445 1446 553 1492 ville
580 1447 796 1493 Dovorre
819 1447 883 1492 sic
897 1446 1116 1501 electum,
1144 1462 1224 1507 per
1250 1446 1426 1491 litteras
1450 1462 1554 1490 suas
1585 1445 1669 1490 sub
1694 1444 1846 1508 sigillo
1874 1445 2057 1509 Major-

444 1525 545 1560 atus
565 1513 687 1559 dicte
707 1513 815 1560 ville
836 1514 1050 1560 Dovorre
1069 1512 1302 1575 sigillatas,
1327 1523 1372 1558 et
1393 1529 1483 1575 que
1504 1528 1584 1574 per
1605 1529 1749 1558 unum
1775 1512 2055 1558 servientem

445 1581 680 1627 dictorum
733 1580 933 1644 Majoris
980 1591 1025 1626 et
1086 1579 1454 1625 Communitatis
1500 1579 1623 1626 dicte
1680 1579 1790 1625 ville
1838 1580 2056 1625 Dovorre

445 1647 739 1703 differentur,
775 1647 911 1693 dictis
951 1646 1126 1711 Majori
1163 1658 1208 1693 et
1235 1646 1574 1693 Communitati
1612 1646 1819 1709 predicte
1854 1646 1963 1693 ville
1998 1646 2056 1692 de

447 1714 722 1762 ffaversham
766 1714 1102 1760 notificabunt:
1166 1714 1388 1777 Dictique
1438 1713 1596 1778 Major
1642 1725 1688 1760 et
1731 1713 2058 1760 Communitas

448 1782 652 1844 predicte
671 1781 780 1828 ville
799 1782 856 1828 de
876 1781 1179 1828 ffaveresham
1199 1792 1244 1827 et
1263 1797 1548 1827 successores
1565 1781 1635 1827 sui
1652 1781 1676 1805 ³⁸*
1697 1781 2055 1844 recepticionem

445 1850 567 1896 dicte
604 1849 755 1895 littere
797 1849 843 1894 in
891 1848 1000 1895 villa
1041 1849 1098 1895 de
1139 1847 1438 1894 ffaveresham
1481 1848 1687 1910 predicta
1727 1864 1808 1911 per
1853 1849 2056 1895 eundem

445 1917 723 1963 servientem
782 1915 903 1962 dicte
962 1915 1069 1961 ville
1112 1916 1330 1962 Dovorre
1375 1915 1549 1962 eisdem
1595 1915 1772 1980 Majori
1818 1926 1863 1961 et
1911 1916 2057 1962 Com-

447 1984 665 2030 munitati
691 1983 813 2029 dicte
849 1982 958 2029 ville
995 1983 1215 2029 Dovorre
1252 1999 1333 2044 per
1366 1982 1501 2028 aliam
1539 1983 1755 2040 litteram,
1783 1983 1867 2028 sub
1901 1983 2056 2046 sigillo

447 2050 697 2115 majoratus
732 2050 855 2097 dicte
891 2050 1000 2096 ville
1035 2050 1093 2096 de
1131 2048 1450 2104 ffaveresham,
1476 2050 1729 2096 certificent
1764 2061 1809 2095 et
1847 2050 2057 2096 notifica-

447 2117 594 2164 bunt:
635 2117 698 2163 Et
723 2117 945 2180 quociens
980 2117 1221 2180 continget
1246 2116 1398 2162 dictos
1433 2116 1668 2181 Majorem
1704 2127 1748 2162 et
1776 2116 2055 2163 Communi-

445 2195 589 2231 tatem
630 2184 752 2231 dicte
792 2184 901 2231 ville
944 2184 1160 2231 Dovorre
1213 2184 1404 2229 heredes
1441 2195 1487 2229 et
1532 2200 1813 2229 successores
1853 2201 1960 2230 suos
2008 2185 2054 2230 in

445 2251 773 2298 certificatione
797 2262 875 2297 aut
901 2262 1108 2305 retorno,
1136 2251 1277 2297 modo
1300 2261 1346 2296 et
1371 2249 1520 2296 forma
1543 2251 1755 2313 superius
1778 2251 2053 2313 specificato,

443 2319 638 2366 deficere
662 2318 788 2382 quod
815 2318 989 2364 tociens
1024 2318 1162 2365 iidem
1193 2317 1353 2382 Major
1376 2329 1420 2364 et
1447 2318 1772 2364 Communitas
1795 2318 1986 2365 heredes
2008 2330 2055 2366 et

444 2402 724 2432 successores
759 2386 827 2431 sui
861 2385 984 2431 dicte
1008 2384 1116 2432 ville
1147 2386 1364 2431 Dovorre
1405 2384 1586 2432 solvant
1622 2385 1758 2431 dictis
1795 2385 1967 2450 Majori
2005 2397 2051 2432 et

447 2453 786 2500 Communitati
838 2453 943 2498 ville
985 2453 1043 2498 de
1101 2452 1402 2498 ffaveresham
1453 2453 1657 2514 predicte
1703 2452 1950 2498 heredibus
2006 2465 2051 2500 et

443 2520 782 2566 successoribus
816 2520 910 2565 suis
947 2519 1112 2582 viginti
1156 2519 1330 2565 solidos
1365 2519 1694 2583 sterlingorum
1741 2520 1798 2565 de
1837 2519 1969 2565 bonis
2006 2531 2051 2566 et

443 2588 617 2633 catallis
640 2587 873 2633 dictorum
901 2587 1134 2632 Baronum
1174 2587 1389 2632 Dovorre
1415 2586 1639 2632 heredum
1664 2597 1709 2632 et
1734 2602 2050 2633 successorum

443 2671 651 2711 suorum,
679 2655 724 2699 in
750 2653 1126 2717 quibuscumque
1151 2653 1262 2698 locis
1281 2653 1488 2717 quinque
1513 2665 1759 2715 portuum,
1784 2666 1861 2699 aut
1886 2670 2051 2700 eorum
