<?xml version="1.0" encoding="UTF-8"?>
<!DOCTYPE html PUBLIC "-//W3C//DTD XHTML 1.0 Transitional//EN"
    "http://www.w3.org/TR/xhtml1/DTD/xhtml1-transitional.dtd">
<html xmlns="http://www.w3.org/1999/xhtml" xml:lang="en" lang="en">
 <head>
  <title>
</title>
<meta http-equiv="Content-Type" content="text/html;charset=utf-8" />
  <meta name='ocr-system' content='tesseract 3.04.00' />
  <meta name='ocr-capabilities' content='ocr_page ocr_carea ocr_par ocr_line ocrx_word'/>
</head>
<body>
  <div class='ocr_page' id='page_1' title='image "./doverchartersoth00doverich/doverchartersoth00doverich_0218.png"; bbox 0 0 2181 3155; ppageno 0'>
   <div class='ocr_carea' id='block_1_1' title="bbox 429 238 1552 289">
    <p class='ocr_par' dir='ltr' id='par_1_1' title="bbox 429 238 1552 289">
     <span class='ocr_line' id='line_1_1' title="bbox 429 238 1552 289; baseline -0.003 0"><span class='ocrx_word' id='word_1_1' title='bbox 429 259 444 289; x_wconf 96' lang='lat'>1</span> <span class='ocrx_word' id='word_1_2' title='bbox 459 243 517 289; x_wconf 92' lang='lat'>86</span> <span class='ocrx_word' id='word_1_3' title='bbox 903 239 1142 287; x_wconf 88' lang='lat' dir='ltr'>DOVER</span> <span class='ocrx_word' id='word_1_4' title='bbox 1180 238 1552 286; x_wconf 88' lang='lat' dir='ltr'>CHARTERS</span> 
     </span>
    </p>
   </div>
   <div class='ocr_carea' id='block_1_2' title="bbox 407 372 2033 2858">
    <p class='ocr_par' dir='ltr' id='par_1_2' title="bbox 407 372 2033 2858">
     <span class='ocr_line' id='line_1_2' title="bbox 421 372 2030 437; baseline -0.001 -18"><span class='ocrx_word' id='word_1_5' title='bbox 421 374 725 436; x_wconf 86' lang='lat' dir='ltr'>imposterum</span> <span class='ocrx_word' id='word_1_6' title='bbox 784 373 996 430; x_wconf 89' lang='lat' dir='ltr'>habend&#39;‚</span> <span class='ocrx_word' id='word_1_7' title='bbox 1055 372 1258 437; x_wconf 90' lang='lat' dir='ltr'>exceptis</span> <span class='ocrx_word' id='word_1_8' title='bbox 1322 372 1622 435; x_wconf 89' lang='lat' dir='ltr'>preexceptis‚</span> <span class='ocrx_word' id='word_1_9' title='bbox 1682 372 2030 436; x_wconf 86' lang='lat' dir='ltr'>imperpetuum</span> 
     </span>
     <span class='ocr_line' id='line_1_3' title="bbox 420 439 2033 504; baseline -0.001 -17"><span class='ocrx_word' id='word_1_10' title='bbox 420 441 511 487; x_wconf 92' lang='lat' dir='ltr'>sint</span> <span class='ocrx_word' id='word_1_11' title='bbox 553 441 723 487; x_wconf 81' lang='lat' dir='ltr'>exclusi</span> <span class='ocrx_word' id='word_1_12' title='bbox 766 457 847 504; x_wconf 87' lang='lat' dir='ltr'>per</span> <span class='ocrx_word' id='word_1_13' title='bbox 890 451 1136 504; x_wconf 87' lang='lat' dir='ltr'>presentes,</span> <span class='ocrx_word' id='word_1_14' title='bbox 1174 440 1370 503; x_wconf 88' lang='lat' dir='ltr'>predicti</span> <span class='ocrx_word' id='word_1_15' title='bbox 1423 440 1584 504; x_wconf 89' lang='lat' dir='ltr'>Major</span> <span class='ocrx_word' id='word_1_16' title='bbox 1621 451 1667 486; x_wconf 90' lang='lat' dir='ltr'>et</span> <span class='ocrx_word' id='word_1_17' title='bbox 1704 439 2033 486; x_wconf 89' lang='lat' dir='ltr'>Communitas</span> 
     </span>
     <span class='ocr_line' id='line_1_4' title="bbox 419 506 2032 570; baseline -0.002 -15"><span class='ocrx_word' id='word_1_18' title='bbox 419 508 542 555; x_wconf 91' lang='lat' dir='ltr'>dicte</span> <span class='ocrx_word' id='word_1_19' title='bbox 578 507 686 554; x_wconf 93' lang='lat' dir='ltr'>ville</span> <span class='ocrx_word' id='word_1_20' title='bbox 715 508 773 556; x_wconf 88' lang='lat' dir='ltr'>de</span> <span class='ocrx_word' id='word_1_21' title='bbox 810 507 1101 562; x_wconf 76' lang='lat' dir='ltr'>ffaversham,</span> <span class='ocrx_word' id='word_1_22' title='bbox 1137 524 1222 570; x_wconf 91' lang='lat' dir='ltr'>pro</span> <span class='ocrx_word' id='word_1_23' title='bbox 1255 524 1301 553; x_wconf 91' lang='lat' dir='ltr'>se</span> <span class='ocrx_word' id='word_1_24' title='bbox 1335 518 1381 553; x_wconf 92' lang='lat' dir='ltr'>et</span> <span class='ocrx_word' id='word_1_25' title='bbox 1417 506 1757 553; x_wconf 89' lang='lat' dir='ltr'>successoribus</span> <span class='ocrx_word' id='word_1_26' title='bbox 1785 508 1893 563; x_wconf 89' lang='lat' dir='ltr'>suis,</span> <span class='ocrx_word' id='word_1_27' title='bbox 1919 523 2032 553; x_wconf 90' lang='lat' dir='ltr'>con—</span> 
     </span>
     <span class='ocr_line' id='line_1_5' title="bbox 419 573 2030 639; baseline -0.001 -17"><span class='ocrx_word' id='word_1_28' title='bbox 419 587 653 622; x_wconf 88' lang='lat' dir='ltr'>cesserunt</span> <span class='ocrx_word' id='word_1_29' title='bbox 679 592 758 639; x_wconf 91' lang='lat' dir='ltr'>per</span> <span class='ocrx_word' id='word_1_30' title='bbox 783 587 1014 638; x_wconf 84' lang='lat' dir='ltr'>presentes</span> <span class='ocrx_word' id='word_1_31' title='bbox 1038 575 1167 639; x_wconf 93' lang='lat' dir='ltr'>quod</span> <span class='ocrx_word' id='word_1_32' title='bbox 1194 575 1277 637; x_wconf 89' lang='lat' dir='ltr'>ipsi</span> <span class='ocrx_word' id='word_1_33' title='bbox 1300 574 1494 621; x_wconf 90' lang='lat' dir='ltr'>reddent</span> <span class='ocrx_word' id='word_1_34' title='bbox 1519 585 1565 620; x_wconf 94' lang='lat' dir='ltr'>et</span> <span class='ocrx_word' id='word_1_35' title='bbox 1589 575 1771 620; x_wconf 91' lang='lat' dir='ltr'>solvent</span> <span class='ocrx_word' id='word_1_36' title='bbox 1798 574 1844 620; x_wconf 91' lang='lat' dir='ltr'>in</span> <span class='ocrx_word' id='word_1_37' title='bbox 1866 573 2030 620; x_wconf 88' lang='lat' dir='ltr'>futuro</span> 
     </span>
     <span class='ocr_line' id='line_1_6' title="bbox 417 640 2030 706; baseline -0.001 -18"><span class='ocrx_word' id='word_1_38' title='bbox 417 642 614 706; x_wconf 87' lang='lat' dir='ltr'>singulis</span> <span class='ocrx_word' id='word_1_39' title='bbox 638 642 767 689; x_wconf 89' lang='lat' dir='ltr'>annis</span> <span class='ocrx_word' id='word_1_40' title='bbox 792 643 1014 706; x_wconf 87' lang='lat' dir='ltr'>predictis</span> <span class='ocrx_word' id='word_1_41' title='bbox 1042 642 1215 706; x_wconf 90' lang='lat' dir='ltr'>Majori</span> <span class='ocrx_word' id='word_1_42' title='bbox 1253 653 1298 687; x_wconf 92' lang='lat' dir='ltr'>et</span> <span class='ocrx_word' id='word_1_43' title='bbox 1325 641 1664 688; x_wconf 88' lang='lat' dir='ltr'>Communitati</span> <span class='ocrx_word' id='word_1_44' title='bbox 1692 642 1898 705; x_wconf 91' lang='lat' dir='ltr'>predicte</span> <span class='ocrx_word' id='word_1_45' title='bbox 1925 640 2030 687; x_wconf 89' lang='lat' dir='ltr'>ville</span> 
     </span>
     <span class='ocr_line' id='line_1_7' title="bbox 418 708 2028 757; baseline -0.001 -1"><span class='ocrx_word' id='word_1_46' title='bbox 418 710 636 756; x_wconf 91' lang='lat' dir='ltr'>Dovorre</span> <span class='ocrx_word' id='word_1_47' title='bbox 661 727 711 757; x_wconf 92' lang='lat' dir='ltr'>ac</span> <span class='ocrx_word' id='word_1_48' title='bbox 728 727 888 756; x_wconf 90' lang='lat' dir='ltr'>eorum</span> <span class='ocrx_word' id='word_1_49' title='bbox 915 709 1159 756; x_wconf 85' lang='lat' dir='ltr'>heredibus</span> <span class='ocrx_word' id='word_1_50' title='bbox 1183 721 1228 755; x_wconf 93' lang='lat' dir='ltr'>et</span> <span class='ocrx_word' id='word_1_51' title='bbox 1253 708 1591 755; x_wconf 85' lang='lat' dir='ltr'>successoribus</span> <span class='ocrx_word' id='word_1_52' title='bbox 1615 726 1760 755; x_wconf 90' lang='lat' dir='ltr'>unum</span> <span class='ocrx_word' id='word_1_53' title='bbox 1785 709 2028 755; x_wconf 87' lang='lat' dir='ltr'>annualem</span> 
     </span>
     <span class='ocr_line' id='line_1_8' title="bbox 418 775 2029 841; baseline -0.001 -18"><span class='ocrx_word' id='word_1_54' title='bbox 418 777 656 824; x_wconf 89' lang='lat' dir='ltr'>redditum</span> <span class='ocrx_word' id='word_1_55' title='bbox 715 777 1021 841; x_wconf 85' lang='lat' dir='ltr'>quadraginta</span> <span class='ocrx_word' id='word_1_56' title='bbox 1081 777 1339 823; x_wconf 89' lang='lat' dir='ltr'>solidorum</span> <span class='ocrx_word' id='word_1_57' title='bbox 1399 776 1730 839; x_wconf 86' lang='lat' dir='ltr'>sterlingorum</span> <span class='ocrx_word' id='word_1_58' title='bbox 1791 777 1836 822; x_wconf 92' lang='lat' dir='ltr'>in</span> <span class='ocrx_word' id='word_1_59' title='bbox 1890 775 2029 822; x_wconf 88' lang='lat' dir='ltr'>Festo</span> 
     </span>
     <span class='ocr_line' id='line_1_9' title="bbox 417 843 2028 908; baseline -0.001 -18"><span class='ocrx_word' id='word_1_60' title='bbox 417 845 773 906; x_wconf 85' lang='lat' dir='ltr'>Assumpcionis</span> <span class='ocrx_word' id='word_1_61' title='bbox 809 844 937 890; x_wconf 90' lang='lat' dir='ltr'>beate</span> <span class='ocrx_word' id='word_1_62' title='bbox 982 845 1137 889; x_wconf 89' lang='lat' dir='ltr'>Marie</span> <span class='ocrx_word' id='word_1_63' title='bbox 1175 844 1383 908; x_wconf 86' lang='lat' dir='ltr'>Virginis</span> <span class='ocrx_word' id='word_1_64' title='bbox 1418 843 1539 907; x_wconf 91' lang='lat' dir='ltr'>apud</span> <span class='ocrx_word' id='word_1_65' title='bbox 1579 843 1832 906; x_wconf 87' lang='lat' dir='ltr'>predictam</span> <span class='ocrx_word' id='word_1_66' title='bbox 1871 843 2028 889; x_wconf 91' lang='lat' dir='ltr'>villam</span> 
     </span>
     <span class='ocr_line' id='line_1_10' title="bbox 416 909 2027 974; baseline -0.001 -17"><span class='ocrx_word' id='word_1_67' title='bbox 416 911 473 958; x_wconf 93' lang='lat' dir='ltr'>de</span> <span class='ocrx_word' id='word_1_68' title='bbox 522 910 797 957; x_wconf 86' lang='lat' dir='ltr'>ffaversham</span> <span class='ocrx_word' id='word_1_69' title='bbox 867 911 1104 957; x_wconf 88' lang='lat' dir='ltr'>annuatim</span> <span class='ocrx_word' id='word_1_70' title='bbox 1163 911 1439 958; x_wconf 88' lang='lat' dir='ltr'>solvendum</span> <span class='ocrx_word' id='word_1_71' title='bbox 1510 911 1890 974; x_wconf 87' lang='lat' dir='ltr'>imperpetuum:</span> <span class='ocrx_word' id='word_1_72' title='bbox 1964 909 2027 956; x_wconf 88' lang='lat' dir='ltr'>Et</span> 
     </span>
     <span class='ocr_line' id='line_1_11' title="bbox 417 977 2029 1043; baseline -0.001 -19"><span class='ocrx_word' id='word_1_73' title='bbox 417 978 611 1041; x_wconf 90' lang='lat' dir='ltr'>predicti</span> <span class='ocrx_word' id='word_1_74' title='bbox 642 978 801 1043; x_wconf 89' lang='lat' dir='ltr'>Major</span> <span class='ocrx_word' id='word_1_75' title='bbox 829 990 875 1024; x_wconf 91' lang='lat' dir='ltr'>et</span> <span class='ocrx_word' id='word_1_76' title='bbox 902 978 1231 1026; x_wconf 88' lang='lat' dir='ltr'>Communitas</span> <span class='ocrx_word' id='word_1_77' title='bbox 1255 979 1378 1025; x_wconf 91' lang='lat' dir='ltr'>dicte</span> <span class='ocrx_word' id='word_1_78' title='bbox 1418 977 1524 1023; x_wconf 87' lang='lat' dir='ltr'>ville</span> <span class='ocrx_word' id='word_1_79' title='bbox 1548 978 1605 1024; x_wconf 88' lang='lat' dir='ltr'>de</span> <span class='ocrx_word' id='word_1_80' title='bbox 1640 977 1916 1024; x_wconf 81' lang='lat' dir='ltr'>ffaversham</span> <span class='ocrx_word' id='word_1_81' title='bbox 1943 993 2029 1040; x_wconf 91' lang='lat' dir='ltr'>pro</span> 
     </span>
     <span class='ocr_line' id='line_1_12' title="bbox 415 1045 2026 1108; baseline -0.001 -16"><span class='ocrx_word' id='word_1_82' title='bbox 415 1062 460 1092; x_wconf 88' lang='lat' dir='ltr'>se</span> <span class='ocrx_word' id='word_1_83' title='bbox 490 1045 737 1092; x_wconf 88' lang='lat' dir='ltr'>heredibus</span> <span class='ocrx_word' id='word_1_84' title='bbox 765 1056 810 1091; x_wconf 92' lang='lat' dir='ltr'>et</span> <span class='ocrx_word' id='word_1_85' title='bbox 843 1045 1182 1091; x_wconf 86' lang='lat' dir='ltr'>successoribus</span> <span class='ocrx_word' id='word_1_86' title='bbox 1206 1045 1299 1091; x_wconf 90' lang='lat' dir='ltr'>suis</span> <span class='ocrx_word' id='word_1_87' title='bbox 1329 1062 1409 1108; x_wconf 94' lang='lat' dir='ltr'>per</span> <span class='ocrx_word' id='word_1_88' title='bbox 1438 1057 1672 1108; x_wconf 85' lang='lat' dir='ltr'>presentes</span> <span class='ocrx_word' id='word_1_89' title='bbox 1702 1056 2026 1091; x_wconf 89' lang='lat' dir='ltr'>concesserunt</span> 
     </span>
     <span class='ocr_line' id='line_1_13' title="bbox 415 1112 2027 1178; baseline -0.001 -20"><span class='ocrx_word' id='word_1_90' title='bbox 415 1112 553 1159; x_wconf 85' lang='lat' dir='ltr'>dictis</span> <span class='ocrx_word' id='word_1_91' title='bbox 591 1113 764 1178; x_wconf 89' lang='lat' dir='ltr'>Majori</span> <span class='ocrx_word' id='word_1_92' title='bbox 801 1123 846 1159; x_wconf 91' lang='lat' dir='ltr'>et</span> <span class='ocrx_word' id='word_1_93' title='bbox 873 1113 1214 1159; x_wconf 90' lang='lat' dir='ltr'>Communitati</span> <span class='ocrx_word' id='word_1_94' title='bbox 1241 1112 1363 1159; x_wconf 92' lang='lat' dir='ltr'>dicte</span> <span class='ocrx_word' id='word_1_95' title='bbox 1400 1112 1507 1158; x_wconf 89' lang='lat' dir='ltr'>ville</span> <span class='ocrx_word' id='word_1_96' title='bbox 1535 1113 1754 1159; x_wconf 88' lang='lat' dir='ltr'>Dovorre</span> <span class='ocrx_word' id='word_1_97' title='bbox 1780 1112 2027 1159; x_wconf 87' lang='lat' dir='ltr'>heredibus</span> 
     </span>
     <span class='ocr_line' id='line_1_14' title="bbox 414 1180 2025 1244; baseline -0.001 -18"><span class='ocrx_word' id='word_1_98' title='bbox 414 1191 459 1226; x_wconf 90' lang='lat' dir='ltr'>et</span> <span class='ocrx_word' id='word_1_99' title='bbox 501 1180 838 1226; x_wconf 89' lang='lat' dir='ltr'>successoribus</span> <span class='ocrx_word' id='word_1_100' title='bbox 890 1180 984 1226; x_wconf 88' lang='lat' dir='ltr'>suis</span> <span class='ocrx_word' id='word_1_101' title='bbox 1029 1180 1157 1243; x_wconf 92' lang='lat' dir='ltr'>quod</span> <span class='ocrx_word' id='word_1_102' title='bbox 1212 1180 1433 1244; x_wconf 89' lang='lat' dir='ltr'>quociens</span> <span class='ocrx_word' id='word_1_103' title='bbox 1474 1180 1714 1244; x_wconf 87' lang='lat' dir='ltr'>continget</span> <span class='ocrx_word' id='word_1_104' title='bbox 1762 1180 2025 1243; x_wconf 89' lang='lat' dir='ltr'>predictum</span> 
     </span>
     <span class='ocr_line' id='line_1_15' title="bbox 413 1246 2025 1310; baseline -0.001 -17"><span class='ocrx_word' id='word_1_105' title='bbox 413 1246 656 1293; x_wconf 89' lang='lat' dir='ltr'>annualem</span> <span class='ocrx_word' id='word_1_106' title='bbox 695 1247 933 1294; x_wconf 90' lang='lat' dir='ltr'>redditum</span> <span class='ocrx_word' id='word_1_107' title='bbox 992 1247 1301 1310; x_wconf 87' lang='lat' dir='ltr'>quadraginta</span> <span class='ocrx_word' id='word_1_108' title='bbox 1347 1247 1607 1293; x_wconf 88' lang='lat' dir='ltr'>solidorum</span> <span class='ocrx_word' id='word_1_109' title='bbox 1667 1247 1788 1293; x_wconf 87' lang='lat' dir='ltr'>ultra</span> <span class='ocrx_word' id='word_1_110' title='bbox 1844 1247 2025 1294; x_wconf 91' lang='lat' dir='ltr'>dictum</span> 
     </span>
     <span class='ocr_line' id='line_1_16' title="bbox 413 1313 2025 1379; baseline 0 -19"><span class='ocrx_word' id='word_1_111' title='bbox 413 1313 586 1361; x_wconf 91' lang='lat' dir='ltr'>festum</span> <span class='ocrx_word' id='word_1_112' title='bbox 607 1331 688 1378; x_wconf 92' lang='lat' dir='ltr'>per</span> <span class='ocrx_word' id='word_1_113' title='bbox 712 1326 913 1379; x_wconf 89' lang='lat' dir='ltr'>quatuor</span> <span class='ocrx_word' id='word_1_114' title='bbox 938 1314 1036 1361; x_wconf 88' lang='lat' dir='ltr'>dies</span> <span class='ocrx_word' id='word_1_115' title='bbox 1070 1325 1222 1360; x_wconf 92' lang='lat' dir='ltr'>aretro</span> <span class='ocrx_word' id='word_1_116' title='bbox 1247 1313 1360 1371; x_wconf 90' lang='lat' dir='ltr'>fore,</span> <span class='ocrx_word' id='word_1_117' title='bbox 1387 1314 1433 1359; x_wconf 90' lang='lat' dir='ltr'>in</span> <span class='ocrx_word' id='word_1_118' title='bbox 1461 1325 1589 1377; x_wconf 91' lang='lat' dir='ltr'>parte</span> <span class='ocrx_word' id='word_1_119' title='bbox 1615 1314 1686 1359; x_wconf 89' lang='lat' dir='ltr'>vel</span> <span class='ocrx_word' id='word_1_120' title='bbox 1713 1314 1759 1359; x_wconf 87' lang='lat' dir='ltr'>in</span> <span class='ocrx_word' id='word_1_121' title='bbox 1786 1325 1905 1371; x_wconf 92' lang='lat' dir='ltr'>toto,</span> <span class='ocrx_word' id='word_1_122' title='bbox 1933 1330 2025 1360; x_wconf 91' lang='lat' dir='ltr'>non</span> 
     </span>
     <span class='ocr_line' id='line_1_17' title="bbox 412 1381 2024 1446; baseline 0 -19"><span class='ocrx_word' id='word_1_123' title='bbox 412 1383 634 1437; x_wconf 89' lang='lat' dir='ltr'>solutum,</span> <span class='ocrx_word' id='word_1_124' title='bbox 683 1383 813 1446; x_wconf 91' lang='lat' dir='ltr'>quod</span> <span class='ocrx_word' id='word_1_125' title='bbox 871 1392 1044 1427; x_wconf 83' lang='lat' dir='ltr'>extunc</span> <span class='ocrx_word' id='word_1_126' title='bbox 1085 1382 1262 1429; x_wconf 85' lang='lat' dir='ltr'>tociens</span> <span class='ocrx_word' id='word_1_127' title='bbox 1309 1381 1422 1427; x_wconf 90' lang='lat' dir='ltr'>bene</span> <span class='ocrx_word' id='word_1_128' title='bbox 1481 1382 1612 1427; x_wconf 90' lang='lat' dir='ltr'>liceat</span> <span class='ocrx_word' id='word_1_129' title='bbox 1658 1381 1796 1427; x_wconf 90' lang='lat' dir='ltr'>dictis</span> <span class='ocrx_word' id='word_1_130' title='bbox 1845 1381 2024 1446; x_wconf 89' lang='lat' dir='ltr'>Majori</span> 
     </span>
     <span class='ocr_line' id='line_1_18' title="bbox 411 1447 2026 1496; baseline -0.001 0"><span class='ocrx_word' id='word_1_131' title='bbox 411 1460 458 1496; x_wconf 88' lang='lat' dir='ltr'>et</span> <span class='ocrx_word' id='word_1_132' title='bbox 484 1449 827 1496; x_wconf 88' lang='lat' dir='ltr'>Communitati</span> <span class='ocrx_word' id='word_1_133' title='bbox 845 1449 967 1496; x_wconf 90' lang='lat' dir='ltr'>dicte</span> <span class='ocrx_word' id='word_1_134' title='bbox 991 1448 1101 1495; x_wconf 90' lang='lat' dir='ltr'>ville</span> <span class='ocrx_word' id='word_1_135' title='bbox 1117 1449 1333 1495; x_wconf 88' lang='lat' dir='ltr'>Dovorre</span> <span class='ocrx_word' id='word_1_136' title='bbox 1360 1447 1605 1494; x_wconf 90' lang='lat' dir='ltr'>heredibus</span> <span class='ocrx_word' id='word_1_137' title='bbox 1623 1459 1670 1494; x_wconf 91' lang='lat' dir='ltr'>et</span> <span class='ocrx_word' id='word_1_138' title='bbox 1688 1448 2026 1495; x_wconf 88' lang='lat' dir='ltr'>successoribus</span> 
     </span>
     <span class='ocr_line' id='line_1_19' title="bbox 411 1515 2025 1581; baseline -0.001 -18"><span class='ocrx_word' id='word_1_139' title='bbox 411 1516 504 1563; x_wconf 89' lang='lat' dir='ltr'>suis</span> <span class='ocrx_word' id='word_1_140' title='bbox 549 1516 701 1563; x_wconf 88' lang='lat' dir='ltr'>dictos</span> <span class='ocrx_word' id='word_1_141' title='bbox 749 1516 987 1581; x_wconf 88' lang='lat' dir='ltr'>Majorem</span> <span class='ocrx_word' id='word_1_142' title='bbox 1035 1526 1080 1562; x_wconf 93' lang='lat' dir='ltr'>et</span> <span class='ocrx_word' id='word_1_143' title='bbox 1117 1515 1519 1562; x_wconf 89' lang='lat' dir='ltr'>Communitatem</span> <span class='ocrx_word' id='word_1_144' title='bbox 1562 1515 1768 1579; x_wconf 89' lang='lat' dir='ltr'>predicte</span> <span class='ocrx_word' id='word_1_145' title='bbox 1815 1516 1925 1562; x_wconf 90' lang='lat' dir='ltr'>ville</span> <span class='ocrx_word' id='word_1_146' title='bbox 1966 1516 2025 1562; x_wconf 94' lang='lat' dir='ltr'>de</span> 
     </span>
     <span class='ocr_line' id='line_1_20' title="bbox 412 1582 2025 1646; baseline -0.001 -16"><span class='ocrx_word' id='word_1_147' title='bbox 412 1583 689 1631; x_wconf 81' lang='lat' dir='ltr'>ffaversham</span> <span class='ocrx_word' id='word_1_148' title='bbox 736 1583 926 1630; x_wconf 90' lang='lat' dir='ltr'>heredes</span> <span class='ocrx_word' id='word_1_149' title='bbox 971 1594 1017 1629; x_wconf 91' lang='lat' dir='ltr'>et</span> <span class='ocrx_word' id='word_1_150' title='bbox 1063 1599 1343 1630; x_wconf 88' lang='lat' dir='ltr'>successores</span> <span class='ocrx_word' id='word_1_151' title='bbox 1387 1599 1495 1629; x_wconf 90' lang='lat' dir='ltr'>suos</span> <span class='ocrx_word' id='word_1_152' title='bbox 1540 1582 1885 1646; x_wconf 89' lang='lat' dir='ltr'>imperpetuum</span> <span class='ocrx_word' id='word_1_153' title='bbox 1945 1600 2025 1646; x_wconf 91' lang='lat' dir='ltr'>per</span> 
     </span>
     <span class='ocr_line' id='line_1_21' title="bbox 411 1650 2024 1714; baseline -0.001 -16"><span class='ocrx_word' id='word_1_154' title='bbox 411 1651 567 1698; x_wconf 88' lang='lat' dir='ltr'>omnia</span> <span class='ocrx_word' id='word_1_155' title='bbox 592 1651 713 1697; x_wconf 92' lang='lat' dir='ltr'>bona</span> <span class='ocrx_word' id='word_1_156' title='bbox 735 1662 781 1697; x_wconf 91' lang='lat' dir='ltr'>et</span> <span class='ocrx_word' id='word_1_157' title='bbox 817 1650 978 1697; x_wconf 90' lang='lat' dir='ltr'>catalla</span> <span class='ocrx_word' id='word_1_158' title='bbox 1013 1667 1114 1705; x_wconf 85' lang='lat' dir='ltr'>sua,</span> <span class='ocrx_word' id='word_1_159' title='bbox 1142 1651 1187 1696; x_wconf 92' lang='lat' dir='ltr'>in</span> <span class='ocrx_word' id='word_1_160' title='bbox 1225 1650 1598 1714; x_wconf 89' lang='lat' dir='ltr'>quibuscumque</span> <span class='ocrx_word' id='word_1_161' title='bbox 1622 1650 1747 1697; x_wconf 91' lang='lat' dir='ltr'>villis</span> <span class='ocrx_word' id='word_1_162' title='bbox 1779 1651 1875 1697; x_wconf 91' lang='lat' dir='ltr'>sive</span> <span class='ocrx_word' id='word_1_163' title='bbox 1912 1650 2024 1696; x_wconf 90' lang='lat' dir='ltr'>locis</span> 
     </span>
     <span class='ocr_line' id='line_1_22' title="bbox 411 1717 2023 1783; baseline 0 -19"><span class='ocrx_word' id='word_1_164' title='bbox 411 1719 619 1783; x_wconf 90' lang='lat' dir='ltr'>quinque</span> <span class='ocrx_word' id='word_1_165' title='bbox 677 1729 914 1780; x_wconf 91' lang='lat' dir='ltr'>portuum,</span> <span class='ocrx_word' id='word_1_166' title='bbox 975 1728 1054 1763; x_wconf 91' lang='lat' dir='ltr'>aut</span> <span class='ocrx_word' id='word_1_167' title='bbox 1113 1735 1277 1764; x_wconf 87' lang='lat' dir='ltr'>eorum</span> <span class='ocrx_word' id='word_1_168' title='bbox 1337 1717 1671 1773; x_wconf 89' lang='lat' dir='ltr'>membrorum,</span> <span class='ocrx_word' id='word_1_169' title='bbox 1728 1717 2023 1765; x_wconf 89' lang='lat' dir='ltr'>inveniantur</span> 
     </span>
     <span class='ocr_line' id='line_1_23' title="bbox 410 1784 2023 1850; baseline -0.001 -17"><span class='ocrx_word' id='word_1_170' title='bbox 410 1786 703 1850; x_wconf 85' lang='lat' dir='ltr'>distringere,</span> <span class='ocrx_word' id='word_1_171' title='bbox 755 1785 824 1848; x_wconf 89' lang='lat' dir='ltr'>[et</span> <span class='ocrx_word' id='word_1_172' title='bbox 871 1784 1108 1847; x_wconf 90' lang='lat' dir='ltr'>dist]ricta</span> <span class='ocrx_word' id='word_1_173' title='bbox 1153 1785 1218 1831; x_wconf 92' lang='lat' dir='ltr'>sic</span> <span class='ocrx_word' id='word_1_174' title='bbox 1273 1796 1402 1848; x_wconf 90' lang='lat' dir='ltr'>capta</span> <span class='ocrx_word' id='word_1_175' title='bbox 1453 1785 1680 1832; x_wconf 89' lang='lat' dir='ltr'>abducere</span> <span class='ocrx_word' id='word_1_176' title='bbox 1726 1784 1931 1849; x_wconf 83' lang='lat' dir='ltr'>effugare</span> <span class='ocrx_word' id='word_1_177' title='bbox 1976 1796 2023 1832; x_wconf 91' lang='lat' dir='ltr'>et</span> 
     </span>
     <span class='ocr_line' id='line_1_24' title="bbox 410 1851 2022 1916; baseline -0.001 -17"><span class='ocrx_word' id='word_1_178' title='bbox 410 1864 661 1916; x_wconf 90' lang='lat' dir='ltr'>asportare,</span> <span class='ocrx_word' id='word_1_179' title='bbox 686 1863 731 1899; x_wconf 93' lang='lat' dir='ltr'>et</span> <span class='ocrx_word' id='word_1_180' title='bbox 756 1869 807 1898; x_wconf 92' lang='lat' dir='ltr'>ea</span> <span class='ocrx_word' id='word_1_181' title='bbox 831 1851 917 1898; x_wconf 90' lang='lat' dir='ltr'>sub</span> <span class='ocrx_word' id='word_1_182' title='bbox 943 1852 1130 1898; x_wconf 90' lang='lat' dir='ltr'>nomine</span> <span class='ocrx_word' id='word_1_183' title='bbox 1157 1851 1491 1915; x_wconf 84' lang='lat' dir='ltr'>Withernamii</span> <span class='ocrx_word' id='word_1_184' title='bbox 1529 1852 1752 1907; x_wconf 86' lang='lat' dir='ltr'>detinere,</span> <span class='ocrx_word' id='word_1_185' title='bbox 1778 1869 2022 1916; x_wconf 90' lang='lat' dir='ltr'>quousque</span> 
     </span>
     <span class='ocr_line' id='line_1_25' title="bbox 409 1919 2023 1984; baseline -0.001 -18"><span class='ocrx_word' id='word_1_186' title='bbox 409 1920 521 1967; x_wconf 92' lang='lat' dir='ltr'>dicti</span> <span class='ocrx_word' id='word_1_187' title='bbox 551 1919 711 1984; x_wconf 88' lang='lat' dir='ltr'>Major</span> <span class='ocrx_word' id='word_1_188' title='bbox 746 1930 791 1966; x_wconf 92' lang='lat' dir='ltr'>et</span> <span class='ocrx_word' id='word_1_189' title='bbox 819 1919 1144 1966; x_wconf 88' lang='lat' dir='ltr'>Communitas</span> <span class='ocrx_word' id='word_1_190' title='bbox 1179 1919 1302 1966; x_wconf 93' lang='lat' dir='ltr'>dicte</span> <span class='ocrx_word' id='word_1_191' title='bbox 1327 1919 1436 1966; x_wconf 87' lang='lat' dir='ltr'>ville</span> <span class='ocrx_word' id='word_1_192' title='bbox 1470 1919 1690 1966; x_wconf 92' lang='lat' dir='ltr'>Dovorre</span> <span class='ocrx_word' id='word_1_193' title='bbox 1720 1919 1778 1966; x_wconf 93' lang='lat' dir='ltr'>de</span> <span class='ocrx_word' id='word_1_194' title='bbox 1803 1919 2023 1983; x_wconf 89' lang='lat' dir='ltr'>predictis</span> 
     </span>
     <span class='ocr_line' id='line_1_26' title="bbox 411 1985 2020 2062; baseline -0.001 -28"><span class='ocrx_word' id='word_1_195' title='bbox 411 1987 721 2052; x_wconf 86' lang='lat' dir='ltr'>quadraginta</span> <span class='ocrx_word' id='word_1_196' title='bbox 779 1985 955 2044; x_wconf 89' lang='lat' dir='ltr'>solidis,</span> <span class='ocrx_word' id='word_1_197' title='bbox 1015 1998 1061 2032; x_wconf 89' lang='lat' dir='ltr'>et</span> <span class='ocrx_word' id='word_1_198' title='bbox 1120 1987 1178 2032; x_wconf 92' lang='lat' dir='ltr'>de</span> <span class='ocrx_word' id='word_1_199' title='bbox 1236 1986 1455 2033; x_wconf 89' lang='lat' dir='ltr'>omnibus</span> <span class='ocrx_word' id='word_1_200' title='bbox 1524 1987 1763 2061; x_wconf 81' lang='lat' dir='ltr'>arreragiis</span> <span class='ocrx_word' id='word_1_201' title='bbox 1822 1987 2020 2062; x_wconf 82' lang='lat' dir='ltr'>predicti</span> 
     </span>
     <span class='ocr_line' id='line_1_27' title="bbox 410 2053 2020 2117; baseline 0.001 -17"><span class='ocrx_word' id='word_1_202' title='bbox 410 2054 636 2111; x_wconf 80' lang='lat' dir='ltr'>reddituS,</span> <span class='ocrx_word' id='word_1_203' title='bbox 661 2053 800 2100; x_wconf 91' lang='lat' dir='ltr'>simul</span> <span class='ocrx_word' id='word_1_204' title='bbox 826 2070 931 2100; x_wconf 91' lang='lat' dir='ltr'>cum</span> <span class='ocrx_word' id='word_1_205' title='bbox 957 2053 1175 2099; x_wconf 88' lang='lat' dir='ltr'>omnibus</span> <span class='ocrx_word' id='word_1_206' title='bbox 1201 2054 1327 2100; x_wconf 90' lang='lat' dir='ltr'>misis</span> <span class='ocrx_word' id='word_1_207' title='bbox 1361 2064 1406 2099; x_wconf 93' lang='lat' dir='ltr'>et</span> <span class='ocrx_word' id='word_1_208' title='bbox 1432 2054 1643 2116; x_wconf 87' lang='lat' dir='ltr'>expensis</span> <span class='ocrx_word' id='word_1_209' title='bbox 1667 2070 1757 2117; x_wconf 91' lang='lat' dir='ltr'>que</span> <span class='ocrx_word' id='word_1_210' title='bbox 1783 2054 2020 2101; x_wconf 89' lang='lat' dir='ltr'>occasione</span> 
     </span>
     <span class='ocr_line' id='line_1_28' title="bbox 409 2120 2020 2185; baseline 0.001 -18"><span class='ocrx_word' id='word_1_211' title='bbox 409 2139 503 2168; x_wconf 92' lang='lat' dir='ltr'>non</span> <span class='ocrx_word' id='word_1_212' title='bbox 528 2120 778 2167; x_wconf 89' lang='lat' dir='ltr'>solucionis</span> <span class='ocrx_word' id='word_1_213' title='bbox 801 2120 1008 2185; x_wconf 87' lang='lat' dir='ltr'>ejusdem</span> <span class='ocrx_word' id='word_1_214' title='bbox 1035 2120 1245 2167; x_wconf 88' lang='lat' dir='ltr'>redditus</span> <span class='ocrx_word' id='word_1_215' title='bbox 1271 2120 1589 2176; x_wconf 86' lang='lat' dir='ltr'>sustinuerint,</span> <span class='ocrx_word' id='word_1_216' title='bbox 1620 2121 1821 2183; x_wconf 90' lang='lat' dir='ltr'>plenarie</span> <span class='ocrx_word' id='word_1_217' title='bbox 1847 2120 2020 2168; x_wconf 88' lang='lat' dir='ltr'>fuerint</span> 
     </span>
     <span class='ocr_line' id='line_1_29' title="bbox 410 2187 2019 2251; baseline 0 -16"><span class='ocrx_word' id='word_1_218' title='bbox 410 2187 628 2235; x_wconf 85' lang='lat' dir='ltr'>satisfacti</span> <span class='ocrx_word' id='word_1_219' title='bbox 654 2207 662 2234; x_wconf 77' lang='lat' dir='ltr'>t</span> <span class='ocrx_word' id='word_1_220' title='bbox 703 2188 767 2234; x_wconf 92' lang='lat' dir='ltr'>Et</span> <span class='ocrx_word' id='word_1_221' title='bbox 794 2199 997 2251; x_wconf 90' lang='lat' dir='ltr'>preterea</span> <span class='ocrx_word' id='word_1_222' title='bbox 1023 2188 1230 2250; x_wconf 90' lang='lat' dir='ltr'>predicte</span> <span class='ocrx_word' id='word_1_223' title='bbox 1265 2199 1418 2251; x_wconf 88' lang='lat' dir='ltr'>partes</span> <span class='ocrx_word' id='word_1_224' title='bbox 1441 2200 1759 2235; x_wconf 85' lang='lat' dir='ltr'>convenerunt</span> <span class='ocrx_word' id='word_1_225' title='bbox 1787 2189 1832 2234; x_wconf 86' lang='lat' dir='ltr'>in</span> <span class='ocrx_word' id='word_1_226' title='bbox 1870 2187 2019 2235; x_wconf 87' lang='lat' dir='ltr'>forma</span> 
     </span>
     <span class='ocr_line' id='line_1_30' title="bbox 409 2255 2018 2321; baseline 0 -19"><span class='ocrx_word' id='word_1_227' title='bbox 409 2274 499 2321; x_wconf 91' lang='lat' dir='ltr'>que</span> <span class='ocrx_word' id='word_1_228' title='bbox 545 2255 863 2319; x_wconf 87' lang='lat' dir='ltr'>subsequitur,</span> <span class='ocrx_word' id='word_1_229' title='bbox 907 2255 1140 2312; x_wconf 90' lang='lat' dir='ltr'>videlicet,</span> <span class='ocrx_word' id='word_1_230' title='bbox 1183 2256 1312 2318; x_wconf 89' lang='lat' dir='ltr'>quod</span> <span class='ocrx_word' id='word_1_231' title='bbox 1360 2272 1466 2301; x_wconf 89' lang='lat' dir='ltr'>cum</span> <span class='ocrx_word' id='word_1_232' title='bbox 1516 2255 1751 2301; x_wconf 85' lang='lat' dir='ltr'>Dominus</span> <span class='ocrx_word' id='word_1_233' title='bbox 1801 2255 1898 2301; x_wconf 86' lang='lat' dir='ltr'>Rex</span> <span class='ocrx_word' id='word_1_234' title='bbox 1945 2257 2018 2302; x_wconf 90' lang='lat' dir='ltr'>vel</span> 
     </span>
     <span class='ocr_line' id='line_1_31' title="bbox 409 2321 2020 2386; baseline -0.001 -17"><span class='ocrx_word' id='word_1_235' title='bbox 409 2323 599 2370; x_wconf 88' lang='lat' dir='ltr'>heredes</span> <span class='ocrx_word' id='word_1_236' title='bbox 645 2322 713 2368; x_wconf 89' lang='lat' dir='ltr'>sui</span> <span class='ocrx_word' id='word_1_237' title='bbox 751 2333 929 2369; x_wconf 89' lang='lat' dir='ltr'>certum</span> <span class='ocrx_word' id='word_1_238' title='bbox 967 2322 1325 2386; x_wconf 87' lang='lat' dir='ltr'>parliamentum</span> <span class='ocrx_word' id='word_1_239' title='bbox 1355 2339 1509 2379; x_wconf 88' lang='lat' dir='ltr'>suum,</span> <span class='ocrx_word' id='word_1_240' title='bbox 1545 2340 1569 2368; x_wconf 94' lang='lat' dir='ltr'>a</span> <span class='ocrx_word' id='word_1_241' title='bbox 1605 2323 1679 2368; x_wconf 90' lang='lat' dir='ltr'>die</span> <span class='ocrx_word' id='word_1_242' title='bbox 1715 2321 2020 2370; x_wconf 89' lang='lat' dir='ltr'>confectionis</span> 
     </span>
     <span class='ocr_line' id='line_1_32' title="bbox 409 2388 2020 2454; baseline 0 -18"><span class='ocrx_word' id='word_1_243' title='bbox 409 2390 712 2454; x_wconf 88' lang='lat' dir='ltr'>presencium,</span> <span class='ocrx_word' id='word_1_244' title='bbox 761 2388 881 2435; x_wconf 91' lang='lat' dir='ltr'>infra</span> <span class='ocrx_word' id='word_1_245' title='bbox 928 2405 1125 2453; x_wconf 88' lang='lat' dir='ltr'>regnum</span> <span class='ocrx_word' id='word_1_246' title='bbox 1174 2389 1346 2453; x_wconf 85' lang='lat' dir='ltr'>Anglie</span> <span class='ocrx_word' id='word_1_247' title='bbox 1393 2390 1645 2436; x_wconf 85' lang='lat' dir='ltr'>tenendum</span> <span class='ocrx_word' id='word_1_248' title='bbox 1695 2388 1853 2436; x_wconf 89' lang='lat' dir='ltr'>fecerit</span> <span class='ocrx_word' id='word_1_249' title='bbox 1891 2407 2020 2436; x_wconf 91' lang='lat' dir='ltr'>sum-</span> 
     </span>
     <span class='ocr_line' id='line_1_33' title="bbox 409 2456 2018 2521; baseline 0 -17"><span class='ocrx_word' id='word_1_250' title='bbox 409 2457 593 2515; x_wconf 88' lang='lat' dir='ltr'>moniri,</span> <span class='ocrx_word' id='word_1_251' title='bbox 653 2467 765 2503; x_wconf 88' lang='lat' dir='ltr'>tunc</span> <span class='ocrx_word' id='word_1_252' title='bbox 814 2457 1007 2520; x_wconf 88' lang='lat' dir='ltr'>predicti</span> <span class='ocrx_word' id='word_1_253' title='bbox 1061 2456 1220 2521; x_wconf 90' lang='lat' dir='ltr'>Major</span> <span class='ocrx_word' id='word_1_254' title='bbox 1279 2468 1323 2503; x_wconf 87' lang='lat' dir='ltr'>et</span> <span class='ocrx_word' id='word_1_255' title='bbox 1373 2457 1701 2503; x_wconf 89' lang='lat' dir='ltr'>Communitas</span> <span class='ocrx_word' id='word_1_256' title='bbox 1749 2457 1870 2504; x_wconf 88' lang='lat' dir='ltr'>dicte</span> <span class='ocrx_word' id='word_1_257' title='bbox 1911 2457 2018 2504; x_wconf 88' lang='lat' dir='ltr'>ville</span> 
     </span>
     <span class='ocr_line' id='line_1_34' title="bbox 410 2523 2018 2589; baseline -0.001 -18"><span class='ocrx_word' id='word_1_258' title='bbox 410 2525 624 2571; x_wconf 91' lang='lat' dir='ltr'>Dovorre</span> <span class='ocrx_word' id='word_1_259' title='bbox 672 2541 752 2586; x_wconf 90' lang='lat' dir='ltr'>per</span> <span class='ocrx_word' id='word_1_260' title='bbox 794 2523 970 2570; x_wconf 88' lang='lat' dir='ltr'>litteras</span> <span class='ocrx_word' id='word_1_261' title='bbox 1026 2540 1143 2580; x_wconf 88' lang='lat' dir='ltr'>suas,</span> <span class='ocrx_word' id='word_1_262' title='bbox 1191 2523 1275 2570; x_wconf 92' lang='lat' dir='ltr'>sub</span> <span class='ocrx_word' id='word_1_263' title='bbox 1333 2541 1494 2570; x_wconf 89' lang='lat' dir='ltr'>eorum</span> <span class='ocrx_word' id='word_1_264' title='bbox 1553 2524 1708 2588; x_wconf 85' lang='lat' dir='ltr'>sigillo</span> <span class='ocrx_word' id='word_1_265' title='bbox 1768 2524 2018 2589; x_wconf 90' lang='lat' dir='ltr'>majoratus</span> 
     </span>
     <span class='ocr_line' id='line_1_35' title="bbox 408 2589 2016 2656; baseline 0.001 -19"><span class='ocrx_word' id='word_1_266' title='bbox 408 2592 641 2656; x_wconf 82' lang='lat' dir='ltr'>sigillataS,</span> <span class='ocrx_word' id='word_1_267' title='bbox 670 2591 842 2656; x_wconf 88' lang='lat' dir='ltr'>Majori</span> <span class='ocrx_word' id='word_1_268' title='bbox 879 2603 923 2637; x_wconf 87' lang='lat' dir='ltr'>et</span> <span class='ocrx_word' id='word_1_269' title='bbox 962 2590 1305 2638; x_wconf 87' lang='lat' dir='ltr'>Communitati</span> <span class='ocrx_word' id='word_1_270' title='bbox 1343 2591 1465 2638; x_wconf 87' lang='lat' dir='ltr'>dicte</span> <span class='ocrx_word' id='word_1_271' title='bbox 1502 2591 1610 2637; x_wconf 90' lang='lat' dir='ltr'>ville</span> <span class='ocrx_word' id='word_1_272' title='bbox 1646 2591 1704 2637; x_wconf 85' lang='lat' dir='ltr'>de</span> <span class='ocrx_word' id='word_1_273' title='bbox 1742 2589 2016 2638; x_wconf 84' lang='lat' dir='ltr'>ffaversham</span> 
     </span>
     <span class='ocr_line' id='line_1_36' title="bbox 407 2657 2019 2721; baseline 0 -16"><span class='ocrx_word' id='word_1_274' title='bbox 407 2660 603 2705; x_wconf 88' lang='lat' dir='ltr'>directas</span> <span class='ocrx_word' id='word_1_275' title='bbox 648 2669 694 2704; x_wconf 88' lang='lat' dir='ltr'>et</span> <span class='ocrx_word' id='word_1_276' title='bbox 741 2657 1016 2705; x_wconf 84' lang='lat' dir='ltr'>deliberatas</span> <span class='ocrx_word' id='word_1_277' title='bbox 1073 2658 1252 2704; x_wconf 90' lang='lat' dir='ltr'>dictum</span> <span class='ocrx_word' id='word_1_278' title='bbox 1301 2670 1480 2704; x_wconf 87' lang='lat' dir='ltr'>certum</span> <span class='ocrx_word' id='word_1_279' title='bbox 1541 2658 1896 2721; x_wconf 84' lang='lat' dir='ltr'>parliamentum</span> <span class='ocrx_word' id='word_1_280' title='bbox 1955 2659 2019 2705; x_wconf 88' lang='lat' dir='ltr'>eis</span> 
     </span>
     <span class='ocr_line' id='line_1_37' title="bbox 410 2725 2014 2788; baseline 0 -16"><span class='ocrx_word' id='word_1_281' title='bbox 410 2726 732 2781; x_wconf 87' lang='lat' dir='ltr'>notificabunt‚</span> <span class='ocrx_word' id='word_1_282' title='bbox 782 2725 902 2771; x_wconf 87' lang='lat' dir='ltr'>infra</span> <span class='ocrx_word' id='word_1_283' title='bbox 953 2742 1030 2771; x_wconf 81' lang='lat' dir='ltr'>sex</span> <span class='ocrx_word' id='word_1_284' title='bbox 1070 2725 1166 2772; x_wconf 89' lang='lat' dir='ltr'>dies</span> <span class='ocrx_word' id='word_1_285' title='bbox 1220 2736 1323 2788; x_wconf 89' lang='lat' dir='ltr'>post</span> <span class='ocrx_word' id='word_1_286' title='bbox 1377 2726 1796 2771; x_wconf 87' lang='lat' dir='ltr'>summonicionem</span> <span class='ocrx_word' id='word_1_287' title='bbox 1842 2725 2014 2772; x_wconf 87' lang='lat' dir='ltr'>eisdem</span> 
     </span>
     <span class='ocr_line' id='line_1_38' title="bbox 412 2792 2018 2858; baseline 0 -19"><span class='ocrx_word' id='word_1_288' title='bbox 412 2793 584 2858; x_wconf 85' lang='lat' dir='ltr'>Majori</span> <span class='ocrx_word' id='word_1_289' title='bbox 622 2805 666 2838; x_wconf 88' lang='lat' dir='ltr'>et</span> <span class='ocrx_word' id='word_1_290' title='bbox 705 2792 1044 2839; x_wconf 84' lang='lat' dir='ltr'>Communitati</span> <span class='ocrx_word' id='word_1_291' title='bbox 1083 2793 1204 2839; x_wconf 84' lang='lat' dir='ltr'>dicte</span> <span class='ocrx_word' id='word_1_292' title='bbox 1244 2792 1348 2838; x_wconf 82' lang='lat' dir='ltr'>ville</span> <span class='ocrx_word' id='word_1_293' title='bbox 1389 2793 1605 2840; x_wconf 87' lang='lat' dir='ltr'>Dovorre</span> <span class='ocrx_word' id='word_1_294' title='bbox 1644 2793 1818 2840; x_wconf 84' lang='lat' dir='ltr'>virtute</span> <span class='ocrx_word' id='word_1_295' title='bbox 1866 2792 2018 2839; x_wconf 88' lang='lat' dir='ltr'>brevis</span> 
     </span>
    </p>
   </div>
  </div>
 </body>
</html>
