2181 3155
428 234 518 281 190
900 218 1138 265 DOVER
1177 218 1548 265 CHARTERS

419 351 754 406 membrorum,
780 351 1092 407 inveniantur,
1113 351 1300 396 nomine
1317 350 1646 396 Withernamii
1667 351 1845 397 levand’
1869 370 1876 396 :
1918 367 2030 398 con-

419 418 725 482 similiterque
759 429 930 465 extunc
968 419 1013 463 in
1050 417 1267 464 omnibus
1291 416 1458 464 facient
1495 428 1647 480 partes
1683 418 1887 481 predicte
1922 430 2027 465 ante

418 485 599 532 dictum
628 484 874 549 quodlibet
913 497 1092 532 certum
1129 485 1488 549 parliamentum
1516 485 1644 548 quod
1681 485 1902 532 dominus
1927 486 2027 532 Rex

417 552 491 598 vel
556 552 748 599 heredes
811 553 879 599 sui
928 552 1146 616 deinceps
1205 552 1479 599 summoniri
1536 550 1672 598 faciet
1729 552 1805 598 vel
1859 551 2026 599 facient

417 619 464 665 in
505 618 701 666 futuro:
761 620 826 666 Et
862 621 1084 683 quociens
1125 619 1375 683 contigerit
1417 618 1651 682 predictos
1700 619 1934 684 Majorem
1981 630 2026 666 et

418 686 816 733 Communitatem
843 688 1046 750 predicte
1073 687 1180 733 ville
1217 688 1436 732 Dovorre
1463 686 1654 732 heredes
1677 697 1723 732 et
1746 702 2028 733 successores

417 770 524 800 suos
548 754 706 828 aliquo
730 754 874 800 modo
898 753 999 801 fore
1022 765 1239 817 gravatos
1263 771 1340 799 seu
1379 754 1647 800 molestatos
1670 754 1906 800 occasione
1933 770 2025 800 non

416 821 768 883 comparicionis
805 832 883 867 aut
921 821 1128 868 absencie
1165 821 1356 868 Batonis
1393 821 1456 867 sic
1502 821 1633 867 electi
1674 820 1880 883 predicte
1919 820 2026 867 ville

416 888 474 934 de
513 887 831 945 ffaveresham,
870 904 951 950 per
988 888 1223 951 predictos
1264 887 1498 952 Majorem
1537 899 1582 934 et
1625 888 2026 935 Communitatem

416 954 539 1001 dicte
587 955 696 1001 ville
735 955 950 1001 Dovorre
996 955 1060 1001 sic
1107 956 1162 1002 ad
1210 955 1399 1019 aliquod
1448 966 1628 1002 certum
1668 955 2024 1019 parliamentum

416 1032 722 1078 retornatum,
748 1021 957 1068 absencia
991 1039 1069 1068 seu
1109 1039 1200 1069 non
1225 1022 1566 1085 comparicione
1592 1022 1787 1085 predicti
1814 1022 2024 1086 ejusdem

417 1088 611 1135 Baronis
667 1088 792 1136 dicte
849 1088 958 1135 ville
1015 1090 1073 1137 de
1133 1089 1435 1136 ffaveresham
1495 1088 1686 1153 prefatis
1746 1089 1919 1154 Majori
1979 1100 2024 1135 et

417 1155 758 1203 Communitati
796 1156 999 1219 predicte
1047 1156 1154 1202 ville
1196 1157 1415 1203 Dovorre
1462 1169 1507 1204 et
1554 1157 1892 1203 successoribus
1934 1156 2027 1202 suis

415 1223 697 1270 sufficienter
737 1223 987 1280 notificata,
1022 1224 1148 1288 quod
1186 1234 1297 1270 tunc
1340 1224 1515 1270 tociens
1550 1223 1744 1286 predicti
1785 1223 1944 1288 Major
1980 1235 2026 1269 et

416 1290 742 1337 Communitas
790 1291 995 1354 predicte
1044 1291 1151 1337 ville
1192 1292 1250 1338 de
1295 1290 1570 1337 ffaversham
1612 1291 1800 1337 heredes
1841 1302 1885 1336 et
1924 1307 2023 1336 suc-

415 1374 615 1404 cessores
659 1357 728 1404 sui
769 1357 971 1421 prefatos
1013 1358 1248 1422 Majorem
1287 1369 1332 1404 et
1372 1358 1771 1405 Communitatem
1820 1357 2026 1421 predicte

415 1424 524 1470 ville
571 1425 791 1472 Dovorre
838 1425 1028 1472 heredes
1069 1437 1113 1471 et
1161 1441 1442 1472 successores
1483 1441 1590 1471 suos
1631 1441 1738 1489 erga
1778 1424 2025 1471 dominum

417 1492 595 1556 Regem
621 1503 666 1539 et
696 1491 888 1538 heredes
913 1509 1019 1538 suos
1055 1493 1111 1539 de
1136 1492 1264 1539 dicto
1280 1492 1579 1567 gravamine
1588 1509 1667 1538 seu
1702 1491 2026 1538 molestatione

415 1575 464 1604 ac
505 1559 562 1605 de
597 1558 814 1605 omnibus
850 1559 988 1606 costis
1024 1570 1069 1606 et
1105 1559 1316 1621 expensis
1351 1577 1403 1606 ea
1438 1559 1676 1605 occasione
1711 1559 2027 1623 quovismodo

416 1625 584 1672 habitis
646 1637 692 1672 et
739 1627 1008 1673 sustentatis
1070 1626 1277 1673 totaliter
1336 1626 1675 1673 conservabunt
1735 1626 2024 1690 indempnes,

416 1693 559 1740 modo
583 1703 628 1739 et
664 1691 816 1739 forma
850 1693 1206 1757 districti[onis]
1245 1693 1455 1758 superius
1489 1693 1766 1757 specificato,
1792 1705 1838 1740 et
1875 1692 2026 1739 forma

415 1760 675 1807 litterarum
717 1771 762 1807 et
805 1777 1043 1824 processus
1085 1762 1273 1808 nomine
1316 1761 1663 1817 Withernamii,
1706 1761 1762 1807 de
1810 1760 2026 1807 omnibus

414 1826 547 1874 bonis
574 1838 620 1873 et
655 1827 828 1874 catallis
860 1828 1178 1891 predictorum
1206 1828 1404 1893 Majoris
1435 1839 1481 1875 et
1507 1828 1872 1876 Communitatis
1903 1828 2025 1874 dicte

413 1894 524 1941 ville
569 1894 627 1941 de
675 1894 951 1942 ffaversham
1010 1895 1234 1942 heredum
1281 1907 1326 1942 et
1373 1912 1690 1942 successorum
1737 1912 1928 1942 suorum
1977 1895 2023 1941 in

413 1961 786 2026 quibuscumque
845 1962 966 2008 villis
1035 1963 1131 2009 sive
1190 1963 1300 2009 locis
1368 1963 1575 2026 quinque
1645 1973 1884 2026 portuum,
1944 1974 2023 2009 aut

414 2028 730 2075 membrorum
750 2045 957 2086 suorum,
975 2029 1288 2085 inveniantur,
1309 2029 1552 2076 levand‘et
1570 2029 1756 2076 tenend’
1782 2049 1789 2076 z
1831 2029 2025 2092 Insuper

414 2095 525 2142 dicti
556 2095 715 2160 Major
739 2107 784 2142 et
811 2097 1134 2143 Communitas
1153 2097 1273 2143 dicte
1298 2097 1408 2142 ville
1434 2098 1654 2144 Dovorre
1679 2108 1723 2143 et
1743 2113 2024 2144 successores

413 2163 482 2208 sui
520 2163 702 2209 solvent
738 2164 862 2227 apud
910 2163 1069 2210 villam
1118 2166 1333 2210 Dovorre
1370 2165 1589 2227 predicte,
1642 2164 1697 2210 ad
1735 2164 1873 2210 finem
1911 2163 2021 2210 dicti

416 2228 719 2293 parliamenti,
758 2231 925 2277 Baroni
965 2231 1029 2276 illi
1066 2231 1189 2277 dicte
1224 2232 1333 2278 ville
1369 2231 1426 2277 de
1463 2231 1736 2277 ffaversham
1774 2248 1930 2295 quem,
1970 2242 2020 2277 ut

415 2296 717 2360 premittitur,
765 2297 820 2343 ad
859 2298 1047 2362 aliquod
1091 2309 1270 2344 certum
1318 2297 1673 2361 parliamentum
1714 2299 2020 2361 imposterum

413 2363 605 2410 fecerint
641 2365 879 2421 retornari,
907 2376 985 2411 aut
1021 2382 1106 2411 suo
1141 2376 1269 2412 certo
1303 2375 1552 2419 attornato,
1580 2382 1665 2429 pro
1700 2365 1909 2428 quolibet
1946 2364 2020 2410 die

413 2448 511 2505 quo
558 2403 912 2505 parliamentum
955 2431 1069 2478 illud
1108 2432 1163 2478 ad
1207 2432 1333 2496 quod
1381 2433 1443 2478 sic
1486 2443 1747 2479 retornatus
1793 2431 2019 2478 exstiterit

413 2498 580 2562 viginti
607 2498 819 2545 denarios
841 2500 1172 2563 sterlingorum
1203 2499 1438 2562 [proviso]
1465 2517 1644 2563 semper
1679 2500 1806 2563 quod
1833 2499 2022 2563 quando

414 2565 654 2629 continget
695 2583 854 2612 omnes
897 2567 1096 2613 Barones
1131 2566 1338 2630 quinque
1376 2578 1601 2629 portuum
1634 2567 1689 2612 ad
1732 2567 1819 2613 tale
1857 2565 2020 2628 parlia-

415 2643 624 2678 mentum
662 2632 831 2679 electos
865 2645 910 2680 et
952 2644 1226 2690 retornatos,
1262 2633 1410 2679 tribus
1445 2634 1516 2680 vel
1561 2633 1771 2697 pluribus
1805 2633 2021 2696 exceptis,

413 2698 596 2746 licentia
631 2700 806 2746 domini
847 2701 988 2764 Regis
1023 2712 1067 2747 et
1106 2701 1327 2747 heredum
1365 2717 1554 2746 suorum
1591 2701 1647 2747 de
1689 2701 1817 2747 dicto
1859 2699 2017 2762 parlia-

415 2777 573 2812 mento
598 2767 759 2823 redire,
784 2778 829 2813 et
854 2768 990 2815 dictis
1014 2767 1162 2814 tribus
1184 2767 1253 2814 vel
1279 2767 1489 2830 pluribus
1514 2767 1769 2815 Baronibus
1794 2784 1937 2831 usque
1962 2766 2017 2814 ad
