2192 3342
410 234 468 294 76
889 232 1119 279 DovssR
1157 232 1527 281 CHARTERS

405 368 625 416 omnibus
659 385 711 415 ea
746 367 1047 432 tangentibus
1084 366 1304 414 haberent
1342 367 1416 414 hic
1455 366 1543 413 sub
1581 366 1747 431 sigillis
1775 385 1941 416 eorum
1967 381 2013 416 et

404 435 567 501 sigillis
602 447 807 500 quatuor
839 434 1061 499 legalium
1095 434 1341 481 hominum
1369 433 1450 499 qui
1477 434 1672 481 recordo
1697 434 1763 481 illi
1789 434 2015 483 interfue-

401 514 529 560 runt,
565 513 650 550 etc.
721 502 786 549 Et
831 501 991 566 Major
1027 512 1073 548 et
1109 500 1318 548 Ballivus
1353 501 1412 548 de
1453 501 1692 549 Sandwico
1729 503 1927 550 veniunt
1967 514 2013 550 et

404 581 645 618 retornant
680 569 954 616 mandatum
990 585 1131 615 suum
1164 568 1209 615 in
1245 568 1327 615 hac
1352 567 1518 625 forma,
1545 579 1678 616 tenor
1701 579 1746 616 et
1772 586 2015 633 processus

402 637 449 684 in
474 638 563 685 hoc
588 636 809 684 mandato
834 646 995 699 patent
1020 635 1067 682 in
1093 635 1256 683 cedula
1281 635 1389 682 huic
1412 635 1632 683 mandato
1656 647 1852 684 consuta
1874 649 1960 684 etc.

403 870 575 918 Placita
616 881 744 918 tenta
785 870 841 916 ad
883 870 1142 917 Ecclesiam
1182 870 1334 918 Sancti
1373 870 1531 931 Jacobi
1572 871 1631 917 de
1667 872 1899 930 Dovorra,
1937 871 2012 918 die

463 953 595 1015 jovis
619 953 838 1017 proximo
861 963 968 1001 ante
994 952 1167 1001 festum
1194 954 1345 1001 Sancti
1373 954 1570 1018 Georgii
1599 954 1828 1010 Martiris,
1855 971 2010 1002 coram

467 1038 801 1095 Locotenente‚
826 1047 932 1095 etc.,
958 1054 1095 1094 anno,
1120 1048 1211 1085 etc.

500 1237 543 1283 Si
569 1237 665 1300 ipse
701 1235 905 1301 aliquem
932 1253 1096 1283 navem
1122 1236 1179 1282 de
1205 1237 1422 1282 Dovorra
1446 1237 1570 1299 apud
1598 1236 1765 1300 Caleys
1789 1234 2009 1282 arestavit

690 1315 850 1350 contra
889 1303 1126 1350 libertates
1166 1314 1211 1349 et
1259 1304 1622 1350 consuetudines
1670 1304 1726 1350 V.
1773 1303 2008 1350 Portuum

401 1373 614 1434 Recuper.
691 1381 986 1434 compertum
1055 1381 1124 1417 est
1194 1387 1274 1433 per
1344 1371 1460 1417 hanc
1530 1370 1888 1435 inquisicionem
1953 1370 2009 1416 de

402 1456 443 1485 x.
475 1439 523 1485 li.
692 1439 911 1485 Dovorra
949 1438 995 1484 in
1034 1454 1176 1502 quam
1212 1438 1448 1498 Johannes
1486 1437 1653 1484 Girold
1691 1438 1750 1484 de
1792 1439 2010 1483 Dovorra

691 1522 737 1552 se
790 1505 963 1569 posuit,
1022 1504 1241 1552 videlicet
1299 1521 1379 1567 per
1431 1516 1770 1551 sacramentum
1821 1504 2009 1551 Thome

403 1571 630 1630 Coumbe,
690 1571 877 1619 Thome
935 1572 1215 1628 Hanecoke,
1280 1571 1404 1619 Petri
1460 1572 1710 1630 Cocchere,
1763 1570 1891 1618 Petri
1951 1571 2008 1617 de

403 1640 614 1696 Petham,
637 1639 865 1699 Johannis
890 1641 1066 1703 Denys,
1093 1638 1292 1686 Henrici
1325 1639 1555 1695 Marchal,
1592 1639 1792 1686 Simonis
1829 1638 2007 1694 Cobbe,

402 1708 589 1754 Thome
657 1705 921 1763 Swinefeld,
982 1706 1209 1766 Johannis
1267 1706 1457 1764 Bakere,
1523 1706 1752 1753 Willelmi
1811 1705 2005 1769 Trippe,

399 1773 626 1834 Johannis
680 1774 868 1831 Hunte,
911 1784 956 1820 et
1004 1773 1231 1819 Willelmi
1285 1773 1474 1837 Lyoun,
1523 1774 1604 1837 qui
1657 1773 1822 1821 dicunt
1868 1789 2007 1836 super

403 1852 740 1888 sacramentum
779 1858 918 1887 suum
956 1840 1087 1905 quod
1125 1841 1360 1900 Johannes
1398 1840 1565 1888 Girold
1604 1840 1820 1887 arestavit
1845 1857 2006 1904 quam-

400 1908 507 1955 dam
534 1925 697 1955 navem
726 1907 910 1954 Ricardi
935 1907 1136 1954 Archier
1160 1907 1219 1954 de
1244 1909 1463 1954 Dovorra
1494 1908 1617 1970 apud
1654 1907 1820 1971 Caleys
1845 1918 2009 1954 contra

400 1975 636 2022 libertates
693 1985 739 2021 et
797 1975 1163 2022 consuetudines
1214 1974 1425 2039 quinque
1479 1986 1740 2038 portuum3
1791 1974 1856 2021 Et
1897 1974 2007 2038 quia

400 2053 623 2090 testatum
661 2053 731 2088 est
770 2058 851 2104 per
889 2041 1194 2106 quamplures
1234 2041 1443 2106 Majores
1481 2042 1685 2089 Ballivos
1723 2053 1767 2088 et
1802 2042 2005 2088 Barones

400 2121 625 2173 portuum
669 2109 990 2171 predictorum
1033 2109 1079 2155 in
1121 2108 1263 2154 Curia
1307 2120 1541 2171 presentes
1583 2108 1712 2173 quod
1755 2109 1849 2171 ipse
1896 2108 2004 2173 jure

400 2188 586 2224 tenetur
612 2178 790 2223 solvere
816 2175 1016 2223 Custodi
1043 2176 1252 2240 quinque
1273 2187 1499 2239 portuum
1526 2194 1565 2224 x.
1597 2176 1748 2233 libras,
1775 2193 1856 2222 nec
1882 2175 2004 2222 idem

399 2244 634 2306 Johannes
677 2244 766 2291 hoc
809 2243 1004 2290 ulterius
1037 2243 1252 2291 dedicere
1292 2244 1452 2305 possit.
1525 2243 1635 2290 Ideo
1660 2243 2004 2290 consideratum

612 2322 681 2358 est
738 2311 869 2375 quod
928 2310 1050 2357 idem
1108 2310 1345 2370 Johannes
1405 2311 1554 2357 solvat
1613 2327 1698 2373 pro
1753 2310 1834 2356 illo
1882 2309 2006 2356 facto

401 2379 540 2424 Finis.
616 2377 818 2425 Custodi
845 2377 1071 2442 Quinque
1097 2378 1332 2424 Portuum
1358 2394 1400 2424 x.
1428 2377 1594 2426 libras:
1633 2378 1696 2424 Et
1729 2377 1859 2441 quod
1880 2377 2002 2423 idem

615 2445 851 2505 Johannes
871 2443 1005 2491 faciat
1024 2445 1164 2491 finem
1190 2460 1276 2508 pro
1300 2456 1575 2507 contemptu
1599 2444 1884 2509 supradicto,
1911 2461 2003 2508 que

398 2512 592 2575 ponitur
617 2512 663 2558 in
691 2523 918 2576 respectu.

499 2579 565 2626 Et
616 2590 726 2626 sunt
785 2579 925 2644 plegii
979 2578 1091 2627 dicti
1145 2579 1380 2640 Johannes
1427 2579 1484 2625 de
1537 2595 1580 2625 x.
1623 2578 1670 2625 li.
1726 2577 2004 2642 supradictis

398 2646 597 2694 Custodi
625 2646 791 2693 solutis
1368 2646 1536 2693 Petrus
1569 2646 1734 2703 Reade,

1364 2714 1574 2759 Thomas
1599 2714 1802 2776 Monyn,

1365 2780 1623 2827 Nicholaus
1647 2791 1741 2828 atte
1775 2779 1931 2828 Halle.
