2192 3342
451 253 512 315 96
931 249 1161 298 DOVER
1198 249 1564 297 CHARTERS

1156 447 1353 498 XXX.

858 579 927 608 xx
958 564 1265 616 Septembris,
1295 571 1349 616 45
1379 563 1512 606 Edw.
1546 564 1632 606 111.

451 675 650 722 NOTUM
711 672 770 718 sit
828 668 1048 717 omnibus
1117 684 1197 731 per
1254 677 1516 731 presentem
1575 667 1871 716 indenturam
1928 670 2059 734 quod

446 742 682 802 Johannes
716 750 810 786 atte
840 736 1005 793 Halle‚
1033 735 1193 800 Major
1225 735 1336 782 ville
1366 735 1597 792 Dovorre,
1634 746 1680 782 et
1709 735 1917 801 ejusdem
1947 737 2059 784 ville

439 809 585 875 jurati
633 824 719 871 pro
764 804 965 853 utilitate
1021 802 1173 849 tocius
1219 802 1570 849 communitatis
1627 802 1750 850 dicte
1797 803 1906 850 ville
1947 820 2060 852 con-

449 886 685 924 cesserunt
742 884 788 921 et
845 870 1124 919 dimiserunt
1170 869 1229 916 ad
1276 868 1459 916 firmam
1505 869 1681 917 Simoni
1729 870 1968 918 Walmere
2012 882 2060 919 et

450 941 704 990 Petronille
727 939 862 988 uxori
886 955 967 986 sue
995 936 1231 1002 quandam
1255 946 1425 983 terram
1450 936 1686 1002 jacentem
1714 936 1835 984 infra
1869 937 2058 986 liberta-

448 1022 545 1057 tem
580 1009 704 1057 dicte
740 1008 850 1054 ville
882 1007 929 1052 in
955 1004 1237 1061 Deffwarde,
1262 1003 1383 1051 inter
1416 1014 1585 1051 terram
1623 1004 1824 1052 Comitis
1856 1005 2057 1052 Oxonie’

449 1093 608 1125 versus
633 1076 860 1132 northest,
885 1084 933 1121 et
956 1072 1133 1137 regiam
1165 1082 1357 1119 stratam
1383 1088 1544 1119 versus
1569 1072 1842 1130 northwest,
1867 1084 1913 1120 et
1938 1073 2060 1120 inter

447 1154 774 1193 tenementum
805 1141 918 1189 dicti
942 1139 1142 1187 Simonis
1164 1150 1211 1187 et
1243 1149 1414 1186 terram
1436 1139 1663 1200 Johannis
1699 1139 1876 1202 Wylde
1900 1156 2060 1187 versus

447 1212 673 1272 southest,
719 1221 766 1258 et
833 1218 1157 1256 tenementum
1214 1205 1327 1253 dicti
1384 1206 1611 1266 Johannis
1667 1206 1843 1271 Wylde
1900 1224 2060 1254 versus

448 1280 718 1336 southwest,
743 1276 1028 1342 quequidem
1053 1285 1174 1321 terra
1209 1273 1412 1337 pertinet
1436 1273 1493 1320 ad
1521 1273 1924 1322 Communitatem
1950 1275 2059 1322 ville

449 1347 655 1411 predicte
679 1362 767 1410 pro
791 1342 1005 1409 pluribus
1029 1341 1235 1389 serviciis
1259 1340 1440 1387 domini
1467 1341 1624 1405 Regis,
1649 1352 1695 1388 et
1718 1341 1817 1388 aliis
1840 1342 2061 1390 oneribus

449 1415 557 1462 inde
593 1412 762 1461 debitis
807 1412 866 1458 de
904 1409 1098 1458 diversis
1132 1407 1424 1472 temporibus
1461 1409 1733 1455 retroactis:
1779 1409 1976 1457 habend'
2013 1420 2059 1457 et

448 1480 635 1528 tenend‘
683 1479 939 1544 predictam
985 1487 1156 1524 terram
1215 1492 1322 1522 cum
1369 1474 1466 1522 suis
1519 1475 1814 1538 pertinenciis
1870 1475 2060 1540 prefatis

448 1549 624 1596 Simoni
648 1558 694 1594 et
714 1544 967 1594 Petronille
993 1543 1128 1590 uxori
1153 1559 1248 1599 sue,
1265 1541 1537 1598 heredibus,
1563 1553 1793 1590 eteorum
1819 1544 2060 1608 assignatis

448 1617 813 1680 imperpetuum,
840 1611 1051 1659 ffaciend’
1076 1610 1184 1657 inde
1219 1609 1467 1656 servicium
1491 1609 1671 1657 domini
1698 1611 1841 1675 Regis
1871 1613 2060 1675 quando

448 1683 654 1730 evenerit
710 1680 968 1728 secundum
1038 1677 1425 1725 consuetudinem
1483 1689 1650 1740 portus
1707 1678 1904 1741 predicti
1931 1695 1942 1735 ;
2013 1691 2060 1726 et

449 1749 671 1798 reddend’
697 1749 805 1796 inde
829 1746 1084 1803 annuatim,
1104 1745 1162 1792 ad
1186 1743 1360 1791 festum
1386 1744 1573 1802 Pasche,
1599 1745 1924 1793 communitati
1950 1746 2058 1793 ville

450 1819 665 1864 Dovorre
700 1833 780 1863 sex
813 1815 1030 1863 denarios
1075 1813 1407 1876 sterlingorum
1448 1811 1578 1858 liberi
1626 1812 1838 1859 redditus
1884 1813 2059 1876 imper—

450 1896 658 1950 petuum.
752 1883 817 1930 Et
864 1880 1259 1946 quandocumque
1307 1878 1543 1942 predictus
1589 1880 1798 1926 annualis
1845 1881 2059 1928 redditus

450 1963 603 2000 aretro
640 1950 799 2009 fuerit,
825 1949 873 1996 in
898 1959 1026 2012 parte
1061 1947 1136 1995 vel
1172 1947 1218 1993 in
1256 1957 1373 2004 toto,
1394 1945 1510 1993 bene
1547 1945 1682 1993 liceat
1718 1948 2059 1995 successoribus

449 2017 778 2067 communibus
815 2017 938 2063 dicte
980 2014 1333 2062 communitatis
1378 2025 1424 2060 et
1470 2013 1570 2060 aliis
1605 2013 1830 2061 ministris
1869 2015 1964 2062 suis
2010 2016 2057 2062 in

449 2087 655 2150 predicta
689 2096 811 2132 terra
833 2082 1127 2146 distringere,
1153 2093 1200 2128 et
1235 2080 1550 2128 districtiones
1584 2082 1783 2128 retinere
1814 2099 2058 2147 quousque

450 2156 506 2202 de
531 2152 748 2202 omnibus
773 2150 1012 2214 arreragiis
1036 2149 1244 2214 ejusdem
1269 2148 1470 2211 plenarie
1495 2147 1637 2195 fuerit
1662 2148 1964 2213 persolutum.

550 2222 604 2268 In
637 2219 768 2285 cujus
796 2219 861 2266 rei
894 2216 1217 2265 testimonium
1243 2227 1338 2262 tam
1374 2215 1579 2280 sigillum
1611 2216 1864 2281 majoratus
1893 2228 2058 2281 portus

449 2287 645 2353 predicti
703 2303 845 2351 quam
903 2284 1109 2350 sigillum
1167 2284 1405 2330 dictorum
1451 2283 1652 2330 Simonis
1708 2294 1755 2331 et
1801 2284 2057 2332 Petronille

447 2354 712 2404 alternatim
736 2364 845 2401 sunt
869 2368 1078 2417 appensa.

549 2425 671 2470 Data
706 2423 924 2468 Dovorra
959 2418 1181 2466 vicesimo
1209 2416 1284 2464 die
1308 2416 1590 2480 Septembris
1622 2434 1744 2464 anno
1772 2418 1901 2483 regni
1937 2420 2058 2483 regis

450 2490 687 2546 Edwardi‚
734 2488 863 2536 tercii
923 2498 1029 2551 post
1089 2495 1395 2550 conquestum
1449 2485 1638 2549 Anglie,
1697 2485 2058 2550 quodragesimo

447 2558 629 2622 quinto.
