2192 3342
442 263 498 307 82
922 255 1154 303 DOVER
1192 253 1559 302 CHARTERS

441 390 593 438 brevis
645 389 702 437 ad
756 405 874 452 opus
925 387 1038 435 dicti
1085 386 1357 434 Godescalci
1405 385 1504 433 fieri
1553 403 1646 433 non
1699 384 1912 433 debeant.
1981 384 2047 432 Et

443 457 679 522 predictus
704 454 986 503 Vincencius
1019 454 1134 500 dicit
1169 453 1298 517 quod
1331 469 1412 517 per
1449 453 1590 500 breve
1627 453 1808 501 domini
1837 452 1978 518 Regis
2001 464 2048 499 et

444 541 524 589 per
576 523 852 571 mandatum
899 520 1078 569 domini
1126 519 1472 567 Constabularii
1514 520 1623 567 inde
1663 519 1897 567 directum
1936 536 2050 583 sup-

767 588 960 653 ponitur
995 599 1109 634 tunc
1148 587 1382 652 Majorem
1419 586 1541 633 Ville
1576 587 1634 634 de
1679 586 1963 651 Wynchelse
2002 597 2049 633 et

446 659 693 706 Restitutio.
766 656 999 702 Ballivum
1037 654 1248 720 ejusdem
1286 654 1394 700 ville
1433 670 1571 718 super
1602 654 1835 717 premissis
1857 670 2051 718 respon-

767 738 914 769 suros,
987 721 1052 769 Et
1077 738 1157 785 per
1181 733 1427 769 retornum
1452 721 1660 769 mandati
1684 721 1814 769 dicto
1849 720 2051 768 Custodi

447 803 500 839 ut
541 791 832 855 premittitur
873 800 1062 853 apparet
1103 789 1232 853 quod
1273 788 1548 836 Valentinus
1588 790 1647 836 de
1688 790 1904 836 Dovorra
1940 799 2052 835 tunc

451 859 608 925 Major
648 858 770 904 dicte
813 856 921 904 ville
962 866 1177 903 mortuus
1216 867 1300 913 est,
1342 867 1388 903 et
1425 873 1518 903 non
1557 855 1778 920 intelligit
1802 855 1932 920 quod
1955 855 2054 919 ipse

448 927 545 973 sine
569 924 897 972 executoribus
920 923 1100 970 dictum
1126 922 1429 970 Valentinum
1459 923 1520 987 [!]
1557 923 1836 987 respondere
1859 922 2024 970 debeat
2044 941 2053 971 :

451 994 515 1041 Et
567 992 676 1057 quia
716 991 859 1039 Curia
899 990 1001 1037 vult
1041 1007 1180 1054 super
1221 990 1320 1037 istis
1355 989 1612 1047 informari,
1655 991 1808 1036 Datus
1847 1001 1916 1036 est
1956 989 2055 1037 dies

449 1060 660 1124 partibus
694 1070 763 1106 est
796 1057 929 1119 Jovis
964 1058 1183 1121 proximo
1207 1068 1312 1121 post
1341 1056 1558 1122 [festum]
1587 1056 1870 1104 inventionis
1893 1057 2055 1104 Sancte

800 1125 966 1173 Crucis
1033 1125 1303 1188 proximum
1368 1123 1617 1172 futurum:
1693 1124 1757 1171 Et
1821 1124 2057 1187 predictus

450 1195 719 1242 Attornatus.
800 1192 1090 1240 Godescalkc
1127 1192 1261 1256 ponit
1304 1192 1408 1239 loco
1448 1209 1535 1239 suo
1578 1191 1847 1238 Henricum
1883 1191 2057 1255 Glyant

801 1270 1104 1306 mercatorem
1125 1260 1375 1306 Almannie
1393 1271 1439 1306 et
1466 1259 1724 1306 Robertum
1742 1259 1800 1305 de
1821 1258 2058 1305 Caustone

452 1327 742 1394 conjunctim
779 1338 824 1374 et
859 1326 1083 1384 divisim3
1121 1327 1186 1373 Et
1222 1327 1459 1389 predictus
1491 1327 1772 1373 Vincencius
1796 1326 1931 1390 ponit
1955 1325 2060 1372 loco

451 1413 536 1443 suo
561 1395 823 1442 Robertum
847 1394 905 1440 de
929 1394 1087 1440 Penne
1113 1394 1158 1440 in
1184 1393 1354 1457 placito
1379 1394 1605 1456 predicto.

552 1527 700 1574 Breve
735 1526 915 1574 domini
960 1525 1100 1590 Regis
1124 1525 1353 1572 directum
1378 1524 1469 1572 fuit
1495 1524 1691 1572 Custodi
1718 1525 1930 1589 quinque
1954 1540 2063 1588 por-

453 1606 591 1642 tuum
621 1594 787 1640 harum
811 1593 975 1640 seriem
1001 1593 1257 1641 continens.

555 1725 824 1784 Edwardus,
843 1737 917 1771 etc.
972 1725 1202 1786 Querelam
1225 1724 1450 1784 Johannis
1469 1724 1519 1770 de
1541 1726 1695 1780 Mare,
1724 1724 1990 1769 Mercatoris
2014 1722 2066 1769 de

461 1793 630 1852 Janua,
657 1803 698 1838 et
722 1792 851 1838 Petri
877 1791 1119 1851 Johannis,
1147 1794 1412 1838 Mercatoris
1436 1792 1487 1838 de
1500 1789 1737 1850 fflorentia,
1777 1803 1817 1836 et
1855 1792 2065 1837 sociorum

456 1876 641 1916 suorum,
662 1861 893 1923 recepimus
913 1861 1205 1916 continentem,
1225 1872 1298 1906 etc.
1327 1869 1467 1922 prout
1494 1869 1620 1921 patet
1646 1858 1692 1904 in
1718 1857 1862 1906 brevi.

562 1991 626 2038 Et
669 2000 826 2053 postea
866 1989 1019 2036 dictus
1055 1990 1291 2050 Johannes
1332 2001 1376 2037 et
1406 1989 1574 2036 Petrus
1609 2001 1859 2053 opponunt
1892 2007 1954 2047 se,
1980 2001 2068 2037 etc.

463 2059 535 2105 Ut
555 2058 602 2105 in
627 2057 827 2122 quadam
853 2057 1017 2104 cedula
1041 2068 1182 2121 patet,
1209 2069 1292 2104 etc.
1368 2057 1433 2103 Et
1459 2056 1628 2104 habent
1653 2058 1777 2104 diem
1804 2069 1970 2122 partes,
1997 2057 2071 2104 die

460 2125 593 2187 Jovis
650 2125 868 2188 proximo
926 2135 1032 2188 post
1091 2123 1264 2171 festum
1331 2124 1615 2171 inventionis
1677 2125 1840 2172 Sancte
1907 2124 2071 2172 Crucis

464 2193 729 2257 proximum
766 2190 997 2248 futurum,
1036 2201 1124 2238 etc.

566 2323 712 2369 Breve
728 2321 907 2369 domini
926 2321 1064 2386 Regis
1081 2321 1352 2368 mandatum
1372 2320 1460 2368 fuit
1479 2339 1564 2385 pro
1583 2322 1745 2369 Priore
1764 2323 1915 2370 Sancti
1940 2322 2074 2370 Mar-

467 2390 552 2437 tini
591 2389 648 2436 de
687 2390 905 2436 Dovorra
942 2389 988 2435 in
1029 2389 1111 2435 hec
1151 2388 1316 2436 verba:
1354 2389 1623 2445 Edwardus,
1662 2401 1747 2436 etc.
1821 2391 1934 2437 Ideo
1969 2407 2076 2453 pre-

466 2458 693 2520 scriptum
717 2468 785 2503 est
812 2456 988 2520 Majori
1013 2467 1058 2502 et
1087 2456 1266 2502 Ballivo
1292 2457 1509 2502 Dovorre
1539 2457 1666 2520 quod
1703 2457 1862 2504 venire
1899 2456 2075 2504 faciunt

468 2525 545 2571 xii.
573 2524 744 2588 probos
766 2534 812 2570 et
836 2523 1004 2587 legales
1028 2523 1255 2579 homines,
1281 2534 1384 2581 etc.‚
1412 2524 1540 2587 quod
1565 2524 1658 2570 sint
1684 2540 1837 2571 coram
1865 2524 2076 2572 Custode

472 2591 543 2639 vel
568 2591 666 2656 ejus
691 2591 794 2637 loco
819 2601 1006 2638 tenente
1031 2590 1087 2636 ad
1126 2590 1378 2637 Ecclesiam
1415 2591 1563 2637 Sancti
1603 2591 1764 2654 Jacobi
1802 2592 1857 2638 ad
1895 2592 2078 2657 inquir-

470 2659 645 2706 endum
685 2674 822 2721 super
859 2657 1078 2704 omnibus
1114 2668 1160 2704 et
1198 2657 1396 2722 singulis
1433 2658 1480 2704 in
1519 2658 1648 2705 dicto
1674 2658 1798 2705 brevi
1827 2659 2076 2713 contentis,

473 2738 578 2783 etc„
613 2725 690 2771 tali
728 2725 817 2781 die,
855 2736 941 2771 etc.
