2192 3342
416 248 476 307 78
894 241 1126 289 DOVER
1164 239 1530 288 CHARTERS

512 375 747 435 Johannes
766 374 898 422 Pirot
914 391 1115 440 querens
1130 373 1327 438 opponit
1343 389 1390 420 se
1406 390 1568 420 versus
1586 373 1821 439 Majorem
1838 373 1945 421 ville
1960 374 2019 421 de

413 442 653 489 Sandwico
676 443 736 490 de
760 442 930 505 placito
960 440 1348 506 transgressionis,
1422 439 1486 487 Et
1507 441 1631 487 unde
1651 441 1868 505 queritur
1885 441 2017 517 quod

413 525 520 556 cum
560 509 716 557 dictus
754 509 989 570 Johannes
1031 508 1194 554 habeat
1235 508 1416 554 diversa
1454 518 1717 555 tenementa
1741 508 2019 571 pertinentia

416 577 636 624 Manerio
673 593 760 623 suo
801 576 858 622 de
902 575 1183 640 Ringeltone
1225 591 1306 638 per
1349 574 1598 621 servicium
1639 575 1696 621 de
1737 575 2016 632 Bedelwike‚

412 655 458 690 et
499 643 556 691 ad
598 644 790 690 Curiam
831 659 961 689 suam
1004 654 1181 689 tentam
1221 642 1278 688 ad
1322 642 1593 688 Manerium
1636 642 1901 705 predictum
1942 642 2018 689 die

416 711 644 757 Mercurii
670 709 887 773 proximo
912 721 1016 772 post
1042 709 1233 756 Festum
1263 709 1414 756 Sancti
1454 709 1701 756 Michaelis
1735 725 1858 756 anno
1892 709 2016 774 xxxj,

412 778 604 842 quidam
635 777 838 841 Egidius
861 776 1056 833 Sowere,
1082 787 1242 823 tenens
1265 776 1409 840 ipsius
1442 776 1683 836 Johannis,
1709 777 1883 823 electus
1919 788 2016 823 erat

412 844 633 892 essendus
669 843 876 891 bedellus
917 860 1003 907 pro
1041 843 1177 890 certis
1215 843 1350 890 terris
1374 860 1489 908 quas
1513 843 1636 890 idem
1663 843 1866 908 Egidius
1890 855 2015 890 tenet

412 913 468 959 de
521 911 625 974 ipso
677 911 734 958 de
787 910 917 958 dicto
958 910 1177 957 Manerio
1217 927 1319 968 suo,
1363 927 1449 973 pro
1490 927 1587 975 quo
1628 911 1825 957 servicio
1865 910 2018 958 dictus

413 979 616 1042 Egidius
670 977 763 1024 fuit
816 978 1071 1034 districtu8‚
1114 994 1200 1040 pro
1241 993 1332 1042 qua
1374 993 1485 1024 vero
1520 977 1817 1025 districcione
1856 977 2017 1043 Major

411 1045 521 1093 ville
544 1046 603 1093 de
639 1045 893 1101 Sandwico,
936 1045 1010 1092 die
1050 1055 1097 1092 et
1133 1061 1256 1091 anno
1293 1044 1569 1108 supradictis
1605 1045 1725 1108 cepit
1764 1045 2016 1109 quemdam

410 1129 588 1177 equum
617 1112 762 1175 ipsius
784 1112 1010 1173 Johannis
1034 1112 1081 1158 in
1107 1112 1216 1159 villa
1240 1112 1298 1159 de
1316 1111 1556 1159 Sandwico
1574 1122 1619 1158 et
1640 1112 1794 1175 ipsum
1813 1112 2016 1159 detinuit

412 1181 568 1226 minus
597 1179 726 1245 juste
763 1179 937 1244 absque
974 1179 1129 1244 aliqua
1165 1196 1300 1226 causa
1336 1179 1612 1226 rationabili.
1685 1179 1750 1226 Et
1775 1179 1882 1226 inde
1907 1195 2018 1242 pro-

410 1247 541 1294 ducit
580 1258 762 1305 sectam,
789 1258 874 1293 etc.
952 1247 1018 1294 Et
1056 1246 1292 1310 predictus
1330 1246 1490 1311 Major
1531 1246 1702 1292 habens
1725 1246 1850 1294 diem
1876 1263 2016 1294 suurn

410 1315 485 1361 hic
531 1314 695 1361 datum
741 1314 864 1378 apud
921 1313 1113 1360 Curiam
1174 1314 1231 1360 de
1278 1313 1518 1377 Shipweye
1564 1313 1693 1360 venit
1741 1314 1787 1360 in
1830 1313 2018 1377 propria

410 1397 608 1445 persona
645 1398 727 1428 sua
763 1392 809 1428 et
847 1381 960 1428 dicit
999 1380 1127 1445 quod
1165 1381 1222 1428 ad
1259 1392 1428 1428 sectam
1468 1380 1624 1443 partis,
1665 1380 1879 1428 videlicet
1903 1381 2016 1428 dicti

411 1448 573 1513 Egidii
608 1448 928 1511 attemptantis
967 1447 1205 1512 querelam
1247 1464 1406 1494 versus
1447 1448 1625 1494 dictum
1657 1448 1934 1508 Johaunem,
1971 1459 2016 1495 et

411 1515 689 1563 invenientis
729 1515 939 1580 plegium
979 1515 1036 1562 ad
1077 1515 1315 1579 querelam
1351 1531 1484 1561 suam
1520 1515 1832 1579 prosequend'
1868 1526 1915 1562 et
1954 1516 2017 1562 sic

411 1599 628 1659 processu
670 1599 807 1646 super
847 1583 937 1629 hoc
978 1593 1201 1629 contento
1241 1581 1363 1645 cepit
1405 1581 1532 1628 illam
1573 1581 1918 1630 districcionem
1959 1583 2017 1630 ad

410 1650 565 1714 ipsum
610 1649 873 1710 Johannem
921 1650 1119 1697 ductum
1160 1648 1217 1696 ad
1260 1649 1573 1712 respondend’
1617 1661 1759 1712 prout
1800 1649 1934 1696 licuit
1970 1661 2017 1697 et

412 1734 504 1764 non
529 1718 676 1774 aliter,
703 1728 808 1775 etc.,
833 1717 890 1764 de
914 1717 1002 1764 hoc
1027 1717 1143 1780 petit:
1167 1717 1297 1780 quod
1327 1716 1590 1763 verificetur
1609 1717 2018 1781 qualitercumque

411 1785 556 1832 Curia
595 1755 971 1841 consideraverit,
1007 1795 1092 1832 etc.
1171 1784 1285 1831 Ideo
1310 1795 1580 1847 preceptum
1604 1795 1687 1840 est,
1720 1795 1826 1841 etc.,
1861 1785 2018 1832 venire

411 1851 558 1898 facere
595 1851 654 1916 xij
699 1851 757 1898 de
797 1852 968 1899 visuris
1013 1851 1053 1915 [Ρ
1074 1850 1260 1914 vicinis]
1305 1851 1363 1897 de
1404 1851 1642 1898 Sandwico
1682 1851 1764 1915 qui
1806 1867 1903 1908 nec,
1929 1864 2012 1900 etc.

835 1918 978 1980 Quod
1034 1918 1127 1964 sint
1183 1918 1256 1964 hic
1311 1935 1465 1964 coram
1522 1918 1732 1965 Custode
1787 1919 1858 1965 vel
1917 1919 2018 1984 ejus

411 1986 664 2048 Preceptum
690 1996 761 2032 est.
835 1986 1191 2041 Loco—tenente,
1225 1997 1328 2041 etc.,
1367 1985 1443 2032 die
1483 1985 1616 2046 Jovis
1657 1986 1872 2048 proximo
1913 1998 2017 2049 post

834 2051 1008 2098 festum
1046 2052 1336 2099 Inventionis
1371 2052 1531 2098 Sancte
1559 2052 1725 2099 Crucis
1749 2053 2016 2128 proximum

411 2119 646 2176 futurum,
662 2130 766 2177 etc.,
786 2119 843 2167 ad
863 2118 1223 2184 recognoscend'
1235 2120 1295 2167 de
1312 2119 1543 2182 premissis
1561 2119 1742 2184 plenius
1759 2121 2012 2170 veritatem.

513 2251 577 2299 Et
601 2250 710 2298 alias
734 2252 865 2316 quod
890 2268 947 2298 ex
971 2250 1141 2316 injuria
1165 2267 1247 2297 sua
1272 2250 1459 2313 propria
1482 2261 1527 2297 et
1554 2267 1647 2297 non
1671 2251 1820 2308 aliter,
1845 2262 1931 2298 etc.

507 2383 768 2431 Nicholaus
794 2382 1060 2448 Eppeloun‚
1091 2383 1249 2447 Major
1273 2382 1384 2429 ville
1420 2383 1477 2429 de
1512 2383 1768 2438 Sandwico,
1802 2398 2016 2446 querens,

410 2450 608 2526 opponit
645 2467 691 2498 se
730 2468 892 2498 versus
929 2450 1197 2498 Henricum
1223 2450 1495 2497 Wardiew
1487 2468 1532 2496 in
1570 2449 1739 2512 placito
1763 2461 2018 2513 transgres-

408 2518 565 2575 sioniS‚
591 2528 674 2567 etc.
751 2518 814 2565 Et
841 2518 964 2564 unde
989 2517 1205 2581 queritur
1230 2518 1372 2581 quod,
1402 2517 1477 2564 die
1512 2529 1557 2563 et
1593 2534 1716 2564 anno
1750 2516 2018 2579 supradicto

409 2585 484 2631 die
506 2585 639 2645 Jovis
663 2586 879 2648 proximo
904 2596 1008 2647 post
1038 2583 1257 2648 [festum]
1290 2584 1441 2630 Sancti
1471 2584 1718 2630 Michaelis
1743 2600 1865 2630 anno
1890 2583 2014 2640 xxix,

410 2651 531 2698 infra
602 2652 800 2699 Portum
870 2653 927 2699 de
990 2651 1244 2707 Sandwico,
1305 2650 1425 2697 infra
1483 2650 1743 2697 libertatem
1802 2650 2014 2714 quinque

409 2730 649 2781 portuum,
700 2736 786 2782 pro
836 2719 1118 2783 quibusdem
1178 2718 1438 2765 redditibus
1495 2730 1540 2764 et
1599 2717 1805 2764 serviciis
1862 2718 2012 2764 eidem

411 2785 624 2834 Henrico
665 2787 711 2832 in
750 2785 981 2834 forinseco
1023 2785 1379 2850 pertinentibuS‚
1422 2785 1541 2848 cepit
1568 2785 1801 2850 quandam
1828 2784 2012 2831 distric-
