2192 3342
426 230 482 262 10
896 217 1128 264 DOVER
1166 216 1530 264 CHARTERS

1186 351 1256 404 V.

951 466 1089 507 Anno
1117 474 1156 517 2,
1189 465 1396 507 Edward
1428 465 1462 507 1.

416 566 610 614 SCIANT
635 579 868 632 presentes
892 579 937 615 et
961 567 1108 614 futuri
1134 568 1261 630 quod
1287 583 1377 631 ego
1402 566 1552 613 Alicia
1576 566 1668 612 filia
1690 565 1928 612 Benedicti
1950 564 2017 610 Le

420 633 561 681 Riche
585 636 642 682 de
679 636 886 682 Dovoria
922 637 967 681 in
1007 635 1123 699 legia
1161 634 1388 682 viduitate
1425 646 1471 680 et
1505 644 1734 698 potestate
1774 649 1873 679 mea
1908 631 2017 679 dedi

416 703 616 748 concessi
643 715 688 749 et
714 703 910 766 presenti
938 714 1060 748 carta
1097 719 1195 748 mea
1220 701 1493 748 confirmavi
1523 700 1767 748 Willelmo
1802 700 1861 747 de
1893 699 2018 745 Aula

422 767 632 815 Dovorie
692 782 893 833 quatuor
956 770 1170 816 denarios
1224 769 1366 815 annui
1415 768 1628 816 redditus
1683 784 1788 814 cum
1836 766 2018 813 releviis

416 836 636 882 eschaetis
659 837 823 883 exinde
850 836 1232 900 provenientibus
1255 847 1300 882 et
1331 835 1549 882 omnibus
1584 835 1684 881 aliis
1720 834 2019 898 pertinenciis

413 903 522 960 suis,
548 920 665 966 quos
691 904 827 950 michi
847 905 1085 949 annuatim
1111 903 1304 949 reddere
1338 903 1547 949 solebant
1573 903 1762 949 heredes
1789 900 2018 957 Matildis‚

415 971 653 1033 quondam
692 971 848 1016 uxoris
883 971 1062 1017 domini
1097 970 1224 1016 Petri
1267 970 1324 1016 de
1357 970 1540 1016 But-ton
1580 969 1756 1027 militis,
1799 968 2016 1016 videlicet

416 1037 470 1083 ad
497 1035 666 1083 festum
692 1038 844 1084 Sancti
884 1037 1144 1093 Michaelis,
1171 1038 1230 1083 de
1265 1037 1460 1083 dimidia
1496 1053 1597 1083 acra
1622 1049 1743 1083 terre
1781 1052 1884 1082 cum
1913 1052 2019 1098 per-

415 1104 626 1150 tinenciis
651 1121 742 1168 que
760 1107 881 1170 jacet
908 1105 953 1150 in
979 1117 1140 1152 tenura
1165 1105 1222 1151 de
1247 1103 1474 1151 Cherlton
1493 1103 1631 1169 juxta
1659 1103 1850 1168 Regiam
1877 1103 2015 1157 viam,

416 1188 506 1234 que
546 1171 675 1217 ducit
711 1173 769 1218 de
807 1172 1014 1235 prioratu
1053 1173 1111 1219 de
1150 1172 1360 1218 Dovoria
1401 1187 1546 1235 usque
1583 1171 1640 1218 ad
1678 1170 2012 1234 Stapingdune.

416 1238 628 1284 Tenend'
676 1250 721 1285 et
761 1239 954 1286 habend'
1001 1239 1086 1285 sibi
1130 1250 1174 1285 et
1210 1237 1455 1285 heredibus
1495 1239 1589 1284 suis
1640 1249 1686 1284 et
1740 1238 2017 1302 cuicumque

413 1322 491 1351 seu
517 1305 890 1370 quibuscumque
914 1308 1023 1353 dare
1050 1306 1247 1352 vendere
1274 1305 1345 1352 vel
1371 1306 1601 1369 assignare
1625 1305 1846 1362 voluerit,
1874 1304 2017 1351 libere

414 1373 568 1435 quiete
593 1373 707 1419 bene
730 1385 776 1420 et
802 1375 846 1419 in
874 1390 980 1436 pace
997 1374 1103 1439 jure
1128 1373 1410 1420 hereditario
1434 1373 1778 1436 inperpetuum,
1805 1371 2016 1419 ffaciend’

415 1439 520 1485 inde
545 1441 783 1486 annuatim
809 1441 948 1487 michi
974 1452 1019 1487 et
1045 1440 1292 1487 heredibus
1316 1441 1431 1486 meis
1455 1441 1702 1487 servicium
1739 1439 1877 1486 unius
1900 1439 2015 1486 clavi

414 1506 629 1569 gariofilli
655 1508 709 1553 ad
738 1507 907 1554 festum
935 1508 1208 1555 Nativitatis
1236 1508 1388 1554 Sancti
1424 1508 1651 1568 Johannis
1688 1507 1895 1570 Baptiste
1930 1523 2017 1570 pro

413 1573 630 1620 omnibus
653 1575 971 1621 exaccionibus
994 1587 1039 1621 et
1072 1575 1249 1621 casibus
1274 1575 1385 1622 actis
1421 1575 1477 1622 ad
1515 1591 1587 1621 me
1624 1574 1697 1621 vel
1733 1574 1789 1621 ad
1827 1573 2018 1620 heredes

415 1656 541 1686 meos
566 1642 904 1704 pertinentibus
926 1642 1054 1688 omni
1081 1642 1318 1689 occasione
1343 1653 1536 1689 remota.
1606 1641 1670 1688 Et
1695 1658 1785 1706 ego
1810 1641 2016 1705 predicta

414 1707 564 1753 Anicia
588 1720 632 1754 et
654 1709 841 1756 heredes
866 1710 954 1755 mei
973 1721 1017 1756 et
1043 1710 1131 1756 mei
1152 1709 1368 1774 assignati
1390 1709 1793 1757 warantizabimus
1811 1708 2018 1773 aquieta-

414 1774 565 1820 bimus
588 1786 633 1821 et
658 1775 962 1823 defendemus
980 1788 1135 1823 totum
1156 1777 1419 1840 predictum
1445 1777 1683 1824 redditum
1703 1793 1809 1823 cum
1835 1775 2017 1822 releviis

410 1842 629 1887 eschaetis
653 1843 817 1890 exinde
853 1843 1235 1906 provenientibus
1259 1855 1304 1891 et
1331 1844 1548 1891 omnibus
1584 1844 1682 1890 aliis
1718 1842 2017 1906 pertinenciis

411 1908 503 1953 suis
523 1910 730 1970 predicto
755 1910 998 1958 Willelmo
1032 1923 1077 1957 et
1120 1911 1367 1958 heredibus
1402 1912 1497 1958 suis
1537 1911 1634 1957 sive
1674 1910 1916 1975 assignatis
1956 1910 2015 1956 de

412 1975 629 2021 omnibus
675 1977 876 2023 serviciis
922 1979 1101 2025 dictum
1149 1979 1388 2025 redditum
1430 1977 1814 2042 contingentibus
1854 1988 2016 2024 contra

412 2058 572 2088 omnes
598 2043 807 2090 homines
831 2056 875 2090 et
902 2044 1096 2091 feminas
1132 2045 1421 2092 Christianos
1455 2057 1500 2093 et
1529 2045 1752 2110 judianos
1790 2061 1872 2108 per
1910 2061 2016 2108 pre-

411 2108 589 2155 dictum
615 2111 858 2157 servicium
887 2113 1245 2175 imperpetuum
1320 2114 1412 2159 Pro
1450 2114 1531 2159 hac
1567 2124 1722 2159 autem
1759 2112 2014 2159 donatione

410 2177 702 2223 concessione
726 2190 770 2223 et
797 2180 1020 2241 presentis
1044 2191 1164 2226 carte
1191 2197 1290 2226 mee
1327 2180 1679 2227 confirmatione
1714 2190 1760 2226 et
1797 2179 2014 2226 warantia

414 2259 512 2288 mea
536 2241 654 2290 facta
679 2256 722 2290 et
749 2247 986 2292 recordata
1021 2258 1065 2293 et
1100 2247 1256 2311 sigillo
1293 2264 1398 2294 meo
1439 2247 1637 2294 firmiter
1676 2247 1854 2293 munita
1892 2263 2015 2293 anno

411 2310 539 2372 regni
566 2311 687 2373 regis
711 2312 947 2370 Edwardi,
973 2314 1052 2359 filii
1083 2314 1220 2378 Regis
1247 2314 1457 2371 Henrici,
1487 2314 1694 2361 secundo
1717 2313 1846 2360 dedit
1873 2313 2013 2359 michi

412 2377 648 2439 predictus
708 2378 974 2426 Willelmus
1031 2382 1150 2428 duos
1208 2381 1382 2429 solidos
1440 2393 1485 2428 et
1545 2398 1622 2428 sex
1680 2381 1894 2427 denarios
1967 2381 2013 2426 in

411 2460 685 2507 gersumam.

516 2510 625 2556 Hiis
670 2511 881 2566 testibus,
929 2514 1125 2560 Ricardo
1167 2515 1383 2571 Archer3
1433 2515 1665 2561 Nicholao
1705 2526 1750 2561 et
1796 2514 2011 2571 Ricardo,

413 2576 516 2621 filiis
540 2577 782 2640 ejusdem;
819 2580 1028 2639 Johanne
1051 2581 1255 2644 Joseph;
1300 2582 1589 2637 Laurentio;
1620 2582 1855 2645 Stephano
1881 2581 2009 2628 Mar-

412 2643 532 2697 tini;
563 2644 802 2691 Willelmo
825 2647 882 2692 de
907 2647 1242 2703 Silertestone;
1272 2649 1410 2695 Petro
1447 2649 1751 2713 Carpentario
1775 2649 1833 2695 de
1858 2648 2011 2695 Siber-

410 2721 577 2754 stone·
569 2712 826 2771 ,johanne
866 2714 923 2759 de
977 2716 1162 2760 ecclesia
1200 2716 1256 2762 de
1306 2716 1605 2780 Hughham;
1661 2716 1903 2763 Gileberto
1955 2716 2012 2763 de

416 2777 729 2831 Makestoiie3
756 2792 800 2825 et
827 2781 986 2826 multis
1011 2781 1122 2828 aliis.

412 2842 531 2896 [¹80
550 2847 621 2894 98-
626 2845 675 2897 4]
