2181 3155
335 261 428 304 214
813 242 1052 291 DOVER
1089 241 1460 290 CHARTERS

333 376 427 422 rius
453 376 829 440 pardonavimus,
848 375 1124 431 remisimuS,
1144 385 1190 421 et
1215 375 1522 421 relaxavimus
1545 374 1718 421 eisdem
1751 373 1939 439 Majori,

332 443 527 501 Ballivo,
553 454 598 489 et
630 442 972 489 Communitati
1000 442 1270 489 omnimoda
1301 458 1488 505 escapea
1519 440 1746 497 felonum,
1783 440 1942 487 catalla

334 509 546 556 felonum
570 521 614 556 et
636 509 965 574 fugitivorum,
986 509 1146 556 catalla
1163 509 1480 572 utlagatorum
1499 520 1545 555 et
1566 507 1772 555 felonum
1797 508 1855 554 de
1879 524 1941 565 se,

334 577 593 634 deodanda,
614 590 754 634 vasta,
776 576 1111 639 impeticioneS,
1131 593 1181 622 ac
1193 576 1490 622 omnimodos
1508 576 1730 622 articulos
1750 576 1943 632 itineriS,

334 645 679 692 destrucciones
731 656 776 690 et
830 644 1219 708 transgressiones
1267 643 1325 690 de
1378 643 1516 690 viridi
1555 643 1627 688 vel
1681 643 1944 698 venacione,

336 712 659 758 vendicionem
699 711 963 768 boscorum,
1008 709 1126 757 infra
1165 709 1359 756 forestas
1399 721 1445 756 et
1487 721 1616 756 extra
1657 721 1702 756 et
1752 709 1943 755 aliarum

336 796 491 825 rerum
541 794 962 842 quarumcumque,
1012 790 1117 824 ante
1155 778 1334 824 dictum
1374 794 1550 823 nonum
1589 777 1712 823 diem
1753 776 1943 840 Aprilis,

335 845 455 892 infra
479 861 675 909 regnum
696 845 868 908 Anglie
892 856 937 890 et
967 845 1204 891 Marchias
1224 844 1394 891 Wallie
1411 845 1435 868 ⁴*
1452 844 1669 890 evidenta
1693 855 1738 890 et
1763 855 1943 900 eventa,

337 913 460 959 unde
485 912 674 976 punicio
700 913 880 959 caderet
918 912 965 958 in
1001 912 1278 959 demandam
1311 911 1532 967 debitam,
1559 928 1637 957 seu
1663 911 1708 957 in
1734 910 1872 957 finem
1897 922 1943 956 et

336 980 725 1043 redempcionem‚
757 990 836 1025 aut
874 980 920 1024 in
959 978 1066 1025 alias
1104 996 1241 1042 penas
1280 979 1575 1042 pecuniarias,
1614 995 1692 1024 seu
1733 979 1778 1024 in
1809 976 1946 1024 foris-

336 1046 572 1093 facturum
611 1046 841 1092 bonorum
880 1057 925 1092 et
961 1046 1250 1104 catallorum,
1288 1058 1365 1092 aut
1402 1046 1824 1110 imprisonamenta,
1864 1062 1944 1091 seu

336 1114 689 1161 amerciamenta
747 1112 1156 1159 Communitatum
1215 1112 1444 1159 Villarum
1509 1113 1580 1158 vel
1639 1112 1943 1176 singularium

335 1197 652 1245 personarum,
680 1180 751 1226 vel
794 1180 840 1226 in
874 1181 1199 1226 oneracionem
1239 1180 1369 1226 liberi
1396 1181 1647 1226 tenementi
1674 1195 1836 1226 eorum
1863 1179 1942 1243 qui

338 1265 575 1313 nunquam
617 1247 888 1310 transgressi
932 1245 1134 1304 fuerunt,
1177 1259 1228 1293 ut
1268 1247 1490 1294 heredum
1529 1259 1833 1294 executorum
1873 1246 1944 1292 vel

336 1328 457 1362 terre
499 1315 777 1372 tenendum,
802 1325 1103 1369 escaetorum,
1132 1315 1475 1369 vicecomitum,
1515 1326 1862 1370 coronatorum,
1900 1325 1945 1360 et

336 1383 535 1430 aliorum
573 1381 857 1446 hujusmodi,
896 1393 942 1427 et
983 1398 1121 1428 omne
1159 1382 1204 1428 id
1245 1382 1372 1445 quod
1412 1382 1468 1428 ad
1508 1398 1591 1428 nos
1629 1397 1788 1427 versus
1823 1381 1946 1443 ipsos

339 1450 590 1515 Majorem,
618 1448 862 1504 Ballivum,
882 1460 928 1495 et
949 1448 1348 1495 Communitatem
1369 1449 1585 1512 pertinet,
1609 1465 1690 1495 seu
1717 1448 1945 1512 pertinere

338 1529 506 1581 posset,
531 1533 587 1562 ex
612 1517 757 1562 causis
781 1516 1085 1578 supradictis:
1126 1516 1344 1562 Aceciam
1370 1515 1746 1579 pardonavimus,
1767 1532 1947 1561 remisi-

337 1601 455 1641 mus,
480 1596 525 1630 et
550 1582 856 1629 relaxavimus
880 1582 1053 1629 eisdem
1083 1583 1273 1647 Majori,
1295 1582 1490 1640 Ballivo,
1526 1595 1570 1629 et
1601 1582 1945 1629 Communitati

337 1651 628 1698 omnimodas
668 1650 960 1706 donaciones,
1005 1650 1322 1706 alienaciones,
1364 1661 1410 1696 et
1453 1651 1814 1714 perquisiciones
1865 1666 1945 1713 per

337 1720 460 1782 ipsos
497 1718 554 1765 de
593 1718 727 1763 terris
764 1729 810 1763 et
848 1718 1126 1763 tenementis
1163 1717 1222 1764 de
1260 1717 1409 1773 nobis,
1449 1718 1521 1763 vel
1568 1716 1946 1781 progenitoribus

338 1786 506 1833 nostris
530 1784 767 1848 quondam
796 1784 1004 1848 Regibus
1027 1784 1214 1848 Anglie,
1248 1785 1295 1830 in
1332 1785 1479 1848 capite
1515 1785 1686 1831 tentis:
1728 1784 1944 1830 Aceciam

337 1853 631 1899 omnimodas
668 1851 948 1899 donaciones
986 1862 1033 1898 et
1071 1852 1434 1915 perquisiciones
1470 1852 1526 1898 ad
1582 1868 1770 1898 manum
1819 1868 1946 1897 mor-

338 1933 467 1968 tuam
500 1918 642 1966 factas
673 1930 719 1965 et
753 1919 930 1964 habitas
961 1918 1133 1982 absque
1166 1919 1353 1965 licencia
1384 1919 1544 1983 regia;
1585 1935 1763 1965 necnon
1794 1919 1947 1965 omni-

340 1988 502 2034 modas
527 1986 809 2032 intrusiones
832 1997 877 2031 et
904 1986 1137 2050 ingressus
1161 1986 1207 2032 in
1235 1986 1536 2033 hereditatem
1571 2003 1718 2041 suam,
1749 1987 1794 2032 in
1821 1998 1947 2048 parte

342 2055 413 2100 vel
439 2054 486 2100 in
512 2064 628 2109 toto,
655 2063 760 2115 post
786 2064 985 2099 mortem
1011 2064 1348 2100 antecessorum
1379 2070 1572 2099 suorum
1597 2054 1767 2117 absque
1791 2052 1947 2099 debita

340 2120 670 2185 prosecucione
712 2119 918 2184 ejusdem
959 2131 1086 2166 extra
1136 2136 1323 2166 manum
1367 2121 1556 2184 regiam,
1599 2132 1703 2166 ante
1744 2120 1947 2166 eundem

342 2204 520 2235 nonum
559 2188 682 2234 diem
722 2187 917 2249 Aprilis,
956 2185 1112 2242 factas,
1153 2205 1242 2233 una
1281 2204 1385 2233 cum
1418 2187 1620 2234 exitibus
1658 2199 1703 2233 et
1730 2186 1948 2250 proficuis

342 2256 448 2302 inde
486 2254 642 2301 medio
679 2265 889 2316 tempore
928 2255 1185 2317 preceptis:
1241 2254 1303 2300 Et
1346 2254 1533 2318 insuper
1572 2254 1948 2317 pardonavimus,

342 2323 618 2377 remisimus,
644 2333 688 2367 et
715 2320 1020 2367 relaxavimus
1047 2321 1220 2368 eisdem
1261 2321 1452 2385 Majori,
1489 2321 1684 2376 Ballivo,
1720 2334 1764 2368 et
1802 2321 1949 2368 Com·

344 2389 556 2436 munitati
583 2388 876 2435 omnimodas
901 2405 1039 2451 penas
1063 2399 1165 2434 ante
1189 2388 1367 2434 dictum
1395 2405 1572 2434 nonum
1609 2389 1733 2434 diem
1771 2388 1949 2452 Aprilis

343 2455 600 2504 forisfactas
647 2472 798 2501 coram
855 2455 1002 2510 nobis,
1058 2472 1136 2500 seu
1191 2455 1385 2502 consilio
1437 2467 1612 2512 nostro,
1667 2454 1950 2502 cancellario

342 2522 656 2578 Thesaurarii‚
712 2538 790 2568 seu
840 2521 998 2585 aliquo
1045 2522 1267 2582 Judicum
1321 2534 1601 2577 nostrorum,
1643 2539 1741 2597 ‘pro
1798 2523 1948 2586 aliqua

343 2607 505 2638 causa·
497 2627 508 2646 ,
545 2601 589 2635 et
615 2606 778 2635 omnes
802 2589 908 2634 alias
934 2605 1072 2652 penas
1105 2602 1197 2635 tam
1225 2589 1372 2646 nobis,
1398 2606 1535 2654 quam
1567 2589 1801 2636 carissimo
1831 2589 1945 2652 patri

345 2670 506 2706 nostro
547 2655 788 2712 defuncto,
832 2673 911 2718 per
955 2656 1077 2718 ipsos
1122 2656 1370 2720 Majorem,
1414 2656 1660 2712 Ballivum,
1707 2668 1751 2702 et
1805 2657 1949 2703 Com—

346 2725 617 2772 munitatem
663 2740 748 2786 pro
787 2723 938 2786 aliqua
987 2739 1132 2781 causa,
1183 2735 1287 2769 ante
1339 2724 1539 2770 eundem
1594 2740 1768 2769 nonum
1822 2723 1945 2769 diem

345 2792 534 2855 Aprilis,
575 2788 846 2848 forisfactas,
881 2802 924 2836 et
958 2791 1014 2837 ad
1054 2807 1172 2854 opus
1212 2802 1426 2837 nostrum
1457 2791 1672 2845 levand';
1712 2807 1759 2836 ac
1793 2790 1947 2837 omni-
