2181 3155
329 199 429 243 444
812 184 1043 232 DOVER
1079 184 1447 233 CHARTERS

963 316 1298 371 CXXXI.

869 431 964 485 xvij
993 431 1183 485 Aprilis,
1210 430 1240 474 8
1268 431 1388 476 ΕΠΖ.

328 530 611 581 Novmuwr
649 533 854 582 universi
897 550 979 598 per
1019 543 1257 598 presentes
1296 550 1386 593 me,
1424 533 1689 581 Robertum
1714 532 1846 590 Care,
1876 531 1937 581 de

329 597 438 646 villa
475 600 535 648 de
576 601 882 666 Kyngestone
921 617 1059 664 super
1101 599 1268 658 Hulle,
1314 601 1363 648 in
1404 601 1649 659 Yokessir,
1690 610 1937 659 mercator,
1986 619 1987 622 ¹
2070 603 2096 672 ⁸⁴-

329 666 478 713 teneri
515 678 562 715 et
601 667 798 715 firmiter
835 667 1032 733 obligari
1073 667 1273 716 Nicolao
1310 667 1611 732 Mychelson‚
1649 667 1708 715 de
1744 667 1856 715 villa
1876 666 1937 716 de

331 732 490 797 Claye,
558 734 607 782 in
668 735 912 783 Comitatu
969 734 1264 793 Northfoke,
1322 735 1590 792 marinario,
1643 735 1692 782 in
1748 745 1936 783 centum

331 801 495 847 marcis
551 801 672 849 bone
729 812 776 849 et
831 801 992 867 legalis
1037 813 1225 850 monete
1282 801 1459 868 Anglie
1514 801 1727 850 solvend’
1784 801 1936 850 eidem

329 867 528 915 Nicolao
567 868 865 933 Mychelson‚
890 880 970 916 aut
993 885 1079 916 suo
1116 879 1245 917 certo
1267 880 1521 928 attornato‚
1546 869 1810 926 heredibus,
1832 885 1940 916 exe-
1992 895 1995 900 ·

329 934 589 993 cutoribus,
629 936 701 983 vel
739 936 982 1001 assignatis
1016 936 1127 994 suis,
1164 937 1223 985 ad
1260 953 1402 1002 quam
1433 936 1626 1002 quidem
1648 936 1935 984 solucionem

330 1001 444 1048 bene
483 1012 531 1049 et
571 1002 771 1050 fideliter
811 1002 1007 1051 faciend’
1048 1003 1210 1068 obligo
1251 1020 1325 1051 me
1348 1004 1555 1060 heredes,
1580 1014 1866 1062 executores,
1889 1013 1937 1051 et

328 1068 587 1132 assignatos
621 1087 752 1117 meos
787 1069 985 1118 firmiter
1020 1087 1102 1135 per
1132 1082 1385 1135 presentes,
1409 1071 1565 1137 sigillo
1588 1087 1695 1118 meo
1717 1070 1935 1136 sigillato.
2008 1098 2017 1133 ς
2106 1091 2110 1099 ·

431 1137 610 1184 Datum
656 1136 750 1203 xvij
800 1137 876 1184 die
922 1137 1119 1201 Aprillis
1164 1155 1287 1185 anno
1348 1139 1481 1203 regni
1540 1137 1733 1186 domine
1779 1148 1938 1186 nostre

332 1202 622 1262 Elizabethe‚
646 1205 720 1252 dei
745 1205 899 1268 gracia
922 1205 1112 1270 Anglie,
1146 1205 1353 1265 Francic,
1389 1216 1437 1253 et
1472 1205 1708 1254 Hibernie
1743 1204 1938 1269 Regine,

331 1270 438 1319 fidei
463 1270 737 1329 defensoris,
761 1282 867 1331 etc„
892 1282 1075 1320 octavo.
1146 1274 1293 1320 Anno
1327 1273 1466 1335 1566.

334 2006 479 2071 [160]
