2181 3155
338 166 368 207 4
379 163 394 193 1
409 150 432 193 8
819 148 1056 196 DOVER
1093 147 1458 196 CHARTERS

961 344 1005 394 C
1024 344 1081 393 X
1099 344 1157 394 X
1182 344 1203 393 1
1227 344 1249 393 1
1276 344 1315 395 1.

856 474 963 503 xxx
992 461 1216 514 Augusti,
1246 472 1273 514 4
1304 461 1422 504 Eliz.

343 564 462 612 HEC
521 565 773 612 indentura
824 576 1020 612 testatur
1078 564 1207 629 quod
1266 564 1536 612 VVillelmus
1598 565 1944 629 Hannyngton‚

346 631 505 678 Maior
542 632 649 679 ville
684 644 730 679 et
767 643 931 696 portus
966 633 1146 688 Dovor,
1175 632 1222 678 in
1252 632 1479 679 comitatu
1506 632 1694 689 Kancie,
1737 632 1948 678 Thomas

345 698 547 758 Painter,
572 700 807 761 Johannes
836 698 1065 762 Hobday‚
1093 698 1328 746 Robertus
1365 699 1559 757 Nikam,
1582 710 1628 746 et
1665 697 1950 746 Cristoferus

343 765 513 824 Eliott,
556 767 788 814 Custodes
827 767 949 814 dicte
989 765 1116 824 ville,
1159 766 1366 814 unanimi
1407 783 1591 813 assensu
1638 778 1684 813 et
1725 782 1948 812 consensu

343 832 493 880 tocius
517 833 884 880 Communitatis
918 833 1125 898 ejusdem
1154 833 1262 880 ville
1298 834 1591 881 tradiderunt
1624 844 1947 881 concesserunt

341 911 386 946 et
419 899 476 946 ad
515 899 640 948 feodi
674 901 855 947 firmam
891 900 1179 948 demiserunt
1217 901 1461 949 Willelmo
1503 901 1708 958 Burden,
1746 901 1803 947 de
1840 899 1950 945 villa

341 978 386 1013 et
434 978 577 1031 portu
618 969 785 1015 Dovor
831 967 1053 1030 predicte,
1101 969 1282 1029 Jurato,
1331 985 1471 1015 unam
1519 985 1709 1015 vacuam
1747 967 1947 1031 placeam

343 1044 462 1081 terre
501 1051 608 1081 cum
646 1034 866 1082 omnibus
900 1034 996 1081 suis
1028 1035 1338 1098 pertinenciis,
1365 1036 1683 1082 continentem
1709 1035 1755 1081 in
1794 1034 1949 1098 longi-

340 1100 504 1148 tudine
528 1101 791 1149 dewcentos
826 1101 994 1165 viginti
1021 1119 1167 1149 unum
1203 1102 1343 1166 pedes
1375 1114 1510 1160 terre,
1537 1114 1582 1149 et
1619 1103 1664 1149 in
1701 1101 1948 1148 latitudine

342 1184 489 1231 usque
525 1168 673 1216 alturn
710 1185 850 1226 mare,
879 1168 1112 1233 jacentem
1142 1181 1187 1216 et
1223 1170 1497 1217 existentem
1533 1168 1654 1216 infra
1685 1169 1948 1216 libertatern

341 1235 451 1282 ville
497 1246 543 1282 et
581 1247 746 1300 portus
785 1236 952 1282 Dovor
1000 1236 1226 1300 predicte,
1274 1237 1395 1283 inter
1441 1237 1673 1300 quandam
1723 1236 1948 1282 venellam

339 1302 588 1348 ducentem
626 1302 682 1349 ab
728 1303 822 1350 alto
869 1303 984 1349 mari
1033 1320 1178 1367 usque
1219 1303 1274 1350 ad
1314 1303 1511 1367 Regiam
1551 1315 1742 1350 stratam
1789 1318 1950 1349 versus

339 1369 637 1428 southweast‚
678 1380 724 1416 et
765 1370 963 1416 similem
1005 1370 1216 1417 venelam
1256 1387 1418 1417 versus
1459 1371 1713 1429 northeast,
1751 1370 1947 1434 Regiam

341 1447 530 1483 stratam
566 1453 727 1485 versus
751 1437 1047 1493 northweast,
1077 1454 1127 1483 ac
1163 1438 1310 1484 altum
1337 1455 1462 1485 mare
1488 1454 1648 1484 versus
1671 1437 1909 1485 southeast
1937 1454 1945 1482 :

343 1502 538 1551 habend’
579 1515 625 1550 et
667 1503 855 1551 tenend’
898 1504 1155 1567 predictam
1201 1520 1394 1552 vacuam
1438 1505 1640 1568 placeam
1682 1516 1801 1552 terre
1843 1520 1948 1550 cum

343 1570 563 1617 omnibus
586 1571 680 1618 suis
697 1570 994 1635 pertinenciis
1014 1570 1196 1634 prefato
1219 1571 1467 1619 Willelmo
1482 1571 1685 1627 Burden,
1703 1570 1949 1618 heredibus

342 1648 387 1685 et
412 1637 655 1702 assignatis
689 1638 798 1695 suis,
824 1654 849 1683 a
871 1636 994 1685 festo
1018 1637 1296 1686 Nativitatis
1320 1639 1471 1686 Sancti
1490 1638 1717 1699 Johannis
1741 1637 1949 1702 Baptiste

342 1704 511 1751 ultimo
543 1704 768 1768 preterito
801 1715 907 1752 ante
939 1705 1103 1752 datum
1132 1705 1440 1768 presencium,
1465 1706 1524 1753 de
1556 1722 1678 1753 anno
1703 1705 1750 1752 in
1773 1721 1948 1752 annum

343 1788 438 1818 uno
457 1783 561 1834 post
579 1771 723 1818 alium
743 1788 891 1835 usque
910 1773 968 1819 ad
989 1772 1128 1818 finem
1148 1783 1194 1820 et
1211 1772 1464 1820 terminum
1489 1773 1691 1820 lxxxxix.
1719 1788 1948 1820 annorum

341 1856 397 1885 ex
422 1849 534 1886 tunc
558 1839 885 1902 proximorum
911 1839 1212 1903 sequencium
1236 1851 1282 1886 et
1306 1839 1508 1903 plenarie
1533 1839 1949 1904 complendorum:

341 1904 538 1952 faciend'
564 1906 671 1953 inde
690 1905 940 1952 servicium
965 1905 1156 1953 domine
1181 1918 1335 1954 nostre
1359 1907 1517 1971 regine
1541 1918 1587 1954 et
1611 1905 1951 1954 successoribus

341 1971 436 2019 suis
476 1973 733 2020 secundum
775 1973 1161 2020 consuetudinem
1197 1986 1362 2037 portus
1397 1975 1564 2021 Dovor
1600 1973 1806 2036 predicte
1841 1989 1948 2020 cum

343 2039 594 2087 acciderit·
584 2076 596 2096 ,
656 2057 707 2086 ac
753 2040 896 2086 eciam
940 2040 1166 2087 reddend'
1208 2052 1253 2087 et
1294 2040 1522 2088 sollvend'
1561 2040 1669 2087 inde
1710 2040 1948 2087 annuatim

346 2106 521 2171 Majori
568 2123 618 2152 ac
665 2107 953 2154 Custodibus
999 2107 1121 2153 dicte
1171 2107 1282 2154 ville
1328 2108 1409 2171 qui
1459 2118 1570 2154 tunc
1606 2124 1692 2171 pro
1738 2118 1950 2170 tempore

344 2171 523 2220 fuerint
558 2173 604 2219 in
646 2172 768 2220 festo
804 2173 1135 2237 Asumpcionis
1176 2174 1305 2221 beate
1349 2175 1504 2220 Marie
1542 2174 1752 2240 Virginis
1788 2175 1948 2221 decem

343 2239 518 2287 solidos
564 2256 650 2304 pro
695 2242 878 2287 annuali
927 2240 1151 2288 redditu:
1213 2252 1258 2287 et
1306 2241 1341 2288 si
1390 2242 1630 2305 contingat
1687 2241 1947 2305 predictum

344 2306 589 2354 annualem
621 2307 858 2354 redditum
895 2307 952 2354 de
989 2309 1084 2354 xsh.
1124 2308 1180 2355 ad
1217 2307 1388 2354 festum
1427 2307 1518 2354 vell
1554 2308 1808 2355 terminum
1845 2325 1951 2371 pre-

343 2374 523 2421 dictum
553 2391 649 2438 quo
672 2373 809 2421 sollvi
834 2374 998 2421 debeat
1023 2385 1177 2421 aretro
1211 2374 1311 2421 fore
1337 2374 1641 2422 insolutum
1632 2393 1679 2422 m
1706 2385 1835 2438 parte
1858 2375 1948 2423 vell

345 2441 392 2488 in
419 2451 523 2488 toto
546 2441 667 2488 ultra
691 2441 947 2488 terminum
968 2442 1229 2504 predictum
1251 2459 1331 2505 per
1355 2442 1561 2505 spacium
1588 2459 1666 2489 xv.
1689 2442 1887 2498 dierum,
1912 2441 1948 2488 si

346 2508 576 2572 legittime
617 2508 830 2571 petitum,
869 2519 981 2554 tunc
1022 2508 1204 2555 licitum
1242 2509 1330 2555 erit
1370 2509 1543 2574 Majori
1580 2520 1625 2555 et
1662 2507 1951 2556 Custodibus

343 2575 452 2621 ville
494 2574 699 2637 predicte
738 2575 819 2639 qui
863 2586 973 2621 tunc
1016 2592 1102 2637 pro
1134 2586 1344 2639 tempore
1387 2575 1560 2622 fuerint
1609 2576 1654 2621 in
1697 2575 1948 2638 predictam

347 2658 535 2687 vacuam
578 2642 778 2704 placeam
827 2653 949 2688 terre
997 2659 1104 2688 cum
1152 2642 1370 2689 omnibus
1405 2643 1499 2688 suis
1546 2642 1857 2704 pertinenciiS,
1893 2642 1947 2687 ad
