2181 3155
390 220 486 266 320
870 207 1109 254 DOVER
1147 206 1516 254 CHARTERS

383 341 589 404 graciose
641 357 821 387 necnon
876 341 921 386 in
974 340 1226 388 utilitatem
1277 352 1322 387 et
1359 340 1635 388 beneficium
1673 341 1992 404 predictorum

388 406 639 471 Majorem,
666 407 916 464 Ballivum,
935 419 980 454 ct
1002 407 1407 454 Communitatem
1428 419 1737 470 exponantur,
1756 407 1993 455 declaren-

383 485 478 531 tur,
521 473 904 538 interpretentur,
946 486 991 520 et
1033 474 1360 539 adjudicentur
1401 486 1447 521 et
1490 474 1714 521 usualiter
1769 491 1851 521 nec
1902 475 1993 523 alio

385 541 542 597 modo,
569 558 626 588 eo
649 542 779 606 quod
805 558 1016 605 expressa
1040 542 1222 588 mencio
1245 541 1303 588 de
1328 559 1443 588 vero
1467 542 1624 588 valore
1648 558 1805 588 annuo
1828 559 1909 589 seu
1933 542 1992 590 de

382 607 540 672 aliquo
565 608 654 655 alio
678 609 849 663 valore,
875 620 955 656 aut
975 609 1032 655 de
1052 608 1335 655 certitudine
1356 609 1706 672 premissorum,
1726 625 1807 656 seu
1827 625 1991 656 eorum

382 674 593 740 alicujuS‚
618 687 698 722 aut
723 676 781 723 de
797 676 896 722 aliis
911 676 1047 722 donis
1065 676 1162 722 sive
1179 675 1568 732 concessionibus,
1589 674 1779 739 prefatis
1801 675 1989 740 Majori,

384 741 579 799 Ballivo,
626 754 672 789 et
721 742 1067 790 Communitati
1117 760 1197 806 per
1245 760 1342 799 nos,
1389 759 1471 790 seu
1515 760 1595 806 per
1636 742 1840 806 aliquem
1883 759 1992 806 pro-

380 809 649 884 genitorum
703 809 799 856 sive
854 810 1234 873 predecessorum
1291 821 1576 867 nostrorum,
1630 821 1734 856 ante
1786 810 1989 856 eundem

382 875 659 923 vicesimum
708 876 905 924 tercium
953 876 1079 923 diem
1128 876 1320 940 Aprilis,
1368 877 1414 923 in
1462 877 1754 940 presentibus
1801 876 1991 923 minime

383 942 500 989 facta
542 942 713 1000 existit,
755 954 836 990 aut
876 943 1036 1008 ahquo
1076 954 1270 1000 statuto,
1312 955 1434 1000 actu,
1477 944 1788 999 ordinacione,
1832 944 1991 1007 provi·

383 1010 526 1067 sione,
551 1027 633 1057 seu
660 1010 954 1057 restriccione
980 1010 1087 1057 inde
1130 1011 1465 1058 incontrarium
1510 1010 1659 1067 factis,
1701 1010 1853 1066 editis,
1894 1011 1990 1058 sive

381 1077 621 1134 ordinatiS‚
646 1088 727 1124 aut
751 1077 905 1142 aliqua
922 1077 1009 1124 alia
1026 1078 1221 1125 materia
1240 1095 1288 1125 re
1317 1079 1385 1125 vel
1413 1095 1546 1126 causa
1570 1095 1870 1143 quacumque
1897 1095 1988 1125 non

381 1143 609 1192 obstante.

482 1212 535 1258 In
561 1211 696 1277 cujus
719 1212 782 1258 rei
809 1213 1132 1260 testimonium
1159 1213 1239 1259 has
1263 1212 1439 1259 litteras
1464 1224 1643 1259 nostras
1667 1212 1764 1259 fieri
1796 1211 1990 1259 fecimus

381 1290 601 1342 patentes,

481 1347 622 1393 Teste
649 1363 721 1392 me
763 1347 864 1410 ipso
904 1346 1028 1410 apud
1073 1347 1547 1394 westmonasterium
1589 1346 1875 1394 duodecimo
1914 1346 1988 1394 die

381 1412 614 1460 ffebruarii
653 1431 776 1460 anno
810 1414 941 1478 regni
980 1414 1122 1460 nostri
1162 1414 1318 1461 tercio.

482 1546 588 1609 [Per
621 1548 754 1607 ipsum
792 1562 945 1608 regem.
1022 1547 1222 1609 lVaren.]

379 2107 484 2171 [23]

2118 269 2123 296 l

2113 307 2121 423 l

2113 443 2121 474 l

2113 500 2119 528 l

2113 571 2119 596 ί
