2181 3155
436 243 530 288 204
914 228 1153 274 DOVER
1191 228 1562 275 CHARTERS

1116 427 1363 477 LXVI.

892 544 1063 586 Mense
1091 544 1235 594 junii,
1272 553 1322 595 19
1354 543 1473 585 Hen.
1506 542 1584 585 VI.

431 652 628 697 SCJANT
653 662 888 714 presentes
912 662 956 698 et
974 650 1118 698 futuri
1145 651 1273 714 quod
1299 667 1402 714 ego,
1426 651 1664 711 Johannes
1691 652 1960 715 Beggynge,
1987 651 2043 698 de

430 719 644 781 parochia
659 720 717 766 de
735 719 981 774 Merdene,
1002 719 1126 775 dedi,
1152 719 1370 775 concessi,
1386 729 1448 774 et,
1467 719 1548 764 hac
1569 720 1771 782 presenti
1789 730 1911 765 carta
1928 735 2043 775 mea,

429 785 699 832 confirmavi
738 786 984 832 Willelmo
1022 785 1235 843 Mellere,
1261 786 1463 846 Johanni
1508 786 1683 848 Denys,
1720 786 1779 832 de
1813 785 2045 832 Merdene

430 853 650 915 predicta,
676 864 721 899 et
758 853 960 913 Johanni
1000 853 1119 908 Oxe,
1159 853 1215 899 de
1254 853 1528 908 Coutherst,
1573 870 1717 899 unum
1754 854 2042 916 mesuagium

428 937 533 966 cum
580 921 779 984 gardino
825 931 871 966 et
928 931 1104 983 septem
1154 920 1302 983 pecias
1350 931 1468 966 terre
1515 937 1622 966 cum
1682 920 1900 967 omnibus
1948 920 2044 966 suis

428 987 724 1050 pertinenciis
761 987 1022 1035 adinvicem
1068 987 1277 1052 jacentes
1325 988 1369 1033 in
1431 988 1647 1050 parochia
1704 989 1762 1035 de
1813 988 2043 1034 Merdene

428 1054 636 1118 predicta
694 1072 830 1117 super
899 1055 1074 1101 dennas
1130 1054 1188 1100 de
1248 1054 1527 1117 Hyerffelde
1585 1066 1630 1101 et
1691 1054 2045 1119 fferthyngabir,

425 1121 660 1177 videlicet,
702 1139 862 1169 versus
902 1132 998 1168 east
1030 1121 1086 1168 ad
1133 1133 1306 1168 terram
1347 1122 1536 1168 Thome
1580 1122 1836 1185 Bodyham,
1883 1139 2043 1168 versus

425 1190 567 1236 south
603 1190 661 1237 ad
700 1190 892 1253 Regiam
928 1200 1134 1246 stratam,
1173 1205 1333 1235 versus
1373 1201 1484 1236 west
1527 1190 1582 1236 ad
1618 1201 1790 1236 terram
1814 1190 2042 1250 Johannis

424 1257 591 1320 Joope,
617 1268 661 1303 et
697 1274 860 1303 versus
896 1257 1034 1303 north
1071 1256 1126 1303 ad
1164 1267 1334 1302 terram
1375 1256 1554 1303 Prioris
1589 1268 1634 1302 et
1671 1256 1948 1303 Conventus
1984 1257 2042 1304 de

425 1324 597 1387 Ledys,
623 1325 741 1371 sicut
767 1335 888 1370 mete
912 1335 957 1370 et
978 1324 1132 1371 bunde
1157 1324 1377 1370 dividunt
1397 1335 1442 1370 et
1461 1324 1820 1370 demonstrant:
1845 1323 2041 1371 habend'

424 1402 470 1438 et
512 1391 700 1438 tenend'
728 1391 990 1455 predictum
1033 1391 1322 1454 mesuagium
1369 1407 1475 1437 cum
1523 1391 1722 1454 gardino
1768 1402 1814 1437 et
1862 1403 2039 1454 septem

426 1459 574 1522 pecias
599 1470 717 1506 terre
742 1475 848 1505 cum
875 1457 1094 1505 omnibus
1119 1459 1215 1504 suis
1241 1458 1537 1521 pertinenciis
1567 1457 1758 1521 prefatis
1783 1457 2040 1515 Willelmo,

424 1527 643 1586 Johanni,
682 1536 729 1572 et
763 1526 982 1586 Johanni,
1009 1525 1261 1572 heredibus
1302 1542 1467 1571 eorum
1493 1537 1538 1572 et
1576 1542 1739 1572 eorum
1775 1526 2037 1589 assignatis,

425 1594 788 1657 imperpetuum,
814 1594 872 1640 de
897 1593 1168 1656 capitalibus
1192 1593 1396 1639 dominis
1419 1591 1545 1639 feodi
1572 1593 1698 1639 illius
1731 1610 1812 1656 per
1846 1593 2039 1640 servicia

424 1661 532 1708 inde
573 1660 729 1707 debita
768 1671 814 1707 et
855 1661 913 1707 de
947 1660 1054 1725 jure
1096 1672 1347 1707 consueta:
1394 1659 1459 1706 Et
1499 1677 1604 1724 eg0,
1646 1677 1760 1708 vero
1801 1660 2038 1724 predictus

422 1728 659 1789 Johannes
684 1728 954 1792 Beggynge,
979 1739 1024 1774 et
1051 1728 1240 1774 heredes
1257 1728 1363 1785 mei,
1389 1739 1543 1774 totum
1569 1728 1834 1791 predictum
1860 1744 2040 1774 mesua-

423 1796 555 1859 gium
580 1812 687 1842 cum
722 1795 918 1859 gardino
953 1806 999 1842 et
1023 1806 1202 1859 septem
1232 1795 1380 1858 pecias
1414 1806 1532 1841 terre
1558 1812 1663 1841 cum
1701 1794 1921 1842 omnibus
1945 1795 2039 1842 suis

423 1862 718 1926 pertinenciis
755 1861 946 1926 prefatis
986 1862 1230 1908 Willelmo
1269 1862 1483 1919 Mellere,
1525 1863 1727 1923 Johanni
1772 1863 1948 1927 Denys,
1991 1874 2037 1909 et

422 1931 624 1991 Johanni
663 1930 783 1987 Oxe,
822 1929 1067 1976 heredibus
1103 1947 1267 1977 eorum
1305 1941 1351 1976 et
1392 1946 1556 1976 eorum
1595 1930 1836 1994 assignatis
1877 1941 2038 1977 contra

423 2014 584 2044 omnes
607 2008 770 2061 gentes
793 1997 1192 2044 warantizabimus
1217 1998 1578 2060 imperpetuum.

524 2065 575 2110 In
603 2064 736 2129 cujus
760 2064 823 2110 rei
850 2065 1172 2111 testimonium
1200 2064 1305 2111 huic
1331 2064 1531 2128 presenti
1559 2076 1680 2111 carte
1706 2081 1805 2110 mee
1828 2064 2035 2128 sigillum

423 2148 579 2178 meum
599 2131 809 2195 apposui.

523 2200 701 2245 Datum
737 2198 859 2261 apud
888 2198 1117 2244 Merdene
1143 2199 1398 2261 predictam
1425 2198 1500 2245 die
1524 2199 1656 2259 Jovis
1682 2198 1899 2261 proximo
1932 2211 2034 2261 post

424 2266 616 2312 Festum
656 2266 806 2312 Sancti
836 2266 1042 2312 Barnabe
1068 2266 1287 2329 Apostoli
1319 2283 1442 2311 anno
1480 2266 1608 2329 regni
1639 2266 1780 2329 Regis
1818 2265 2034 2323 Heurici,

423 2334 538 2379 sexti
565 2343 670 2396 post
695 2344 1004 2396 conquestum
1031 2334 1220 2397 Anglie,
1246 2333 1428 2379 decimo
1454 2350 1591 2379 nono.

523 2399 636 2446 Hiis
660 2400 857 2446 testibus
881 2420 887 2446 :
921 2401 1122 2446 Ricardo
1148 2401 1444 2446 Leveshothe
1471 2417 1482 2455 3
1514 2400 1714 2446 Ricardo
1736 2399 1997 2446 Cownselle
2020 2417 2032 2455 余

418 2468 630 2528 Johanne
670 2468 948 2530 Mayhewe余
985 2468 1196 2528 Johanne
1239 2468 1539 2530 Chapmane余
1583 2467 1780 2512 Ricardo
1815 2468 2032 2530 Jooppe余

421 2547 467 2581 et
494 2534 652 2581 multis
677 2535 789 2580 aliis.

423 2853 566 2916 [138]
