2181 3155
429 230 519 275 160
902 226 1140 274 DOVER
1178 200 1548 274 CHARTERS

1105 360 1150 410 L
1169 360 1190 410 1
1212 360 1234 409 1
1257 359 1279 410 1
1302 360 1340 410 1.

865 477 906 529 vj
940 476 1173 528 Octobris,
1212 486 1263 528 13
1296 476 1416 518 Hen.
1454 476 1531 518 IV.

423 583 618 629 SeiAN‘r
644 592 878 645 presentes
901 592 946 627 et
972 580 1118 627 futuri
1145 581 1273 645 quod
1298 597 1400 645 ego,
1426 580 1636 626 Thomas
1660 591 1705 626 at
1731 580 1945 627 Crouche
1970 580 2026 626 de

424 649 655 705 Dovorra,
686 648 809 705 dedi,
835 649 1051 706 concessi,
1077 660 1136 704 et,
1165 649 1247 695 hac
1278 647 1477 711 presenti
1505 658 1628 694 carta
1652 664 1752 694 mea
1776 647 2028 704 indentata,

422 716 691 763 confirmavi
733 716 934 776 Johanni
981 716 1115 762 Milis
1156 716 1213 762 de
1256 716 1493 772 Dovorra,
1535 726 1580 761 et
1624 713 1853 771 Dionisie‚
1893 714 2026 761 uxori

420 784 532 848 ejus,
559 800 700 830 unam
726 783 969 846 parcellam
997 794 1116 829 terre
1149 782 1388 847 cujusdam
1414 781 1503 828 orti
1531 782 1618 828 mei
1651 781 1883 846 jacentem
1909 781 2030 828 infra

421 850 681 897 libertatem
727 850 895 896 Portus
937 851 1155 896 Dovorra
1196 851 1242 896 in
1284 850 1456 884 *——
1496 850 1663 905 warde,
1705 866 1794 912 que
1835 848 2031 912 parcella

421 928 540 964 terre
568 918 690 982 jacet
727 917 847 963 inter
884 928 1053 963 terram
1089 917 1315 978 Johannis
1353 916 1521 979 Robyn
1549 933 1708 962 versus
1733 916 2031 973 northewest,

420 996 465 1031 et
503 996 672 1030 terram
710 984 799 1030 mei
837 984 1034 1047 predicti
1071 984 1259 1031 Thome
1295 1001 1454 1030 versus
1489 984 1699 1030 southest
1731 995 1776 1030 et
1802 983 2030 1040 northest,

421 1063 466 1098 et
491 1051 613 1098 inter
638 1051 812 1116 regiam
837 1062 1026 1098 stratam
1054 1068 1215 1098 versus
1246 1051 1540 1107 southewest,
1568 1062 1708 1115 prout
1748 1051 1855 1097 inde
1895 1050 2032 1097 metis

421 1130 466 1165 et
505 1118 677 1165 bundis
714 1118 944 1166 dividitur
983 1129 1028 1164 et
1067 1118 1308 1182 signatur:
1363 1118 1560 1164 habend'
1603 1130 1648 1165 et
1700 1118 1886 1165 tenend’
1927 1135 2031 1181 pre—

421 1186 591 1233 dictam
641 1184 897 1261 parcellam
921 1196 1040 1232 terre
1076 1186 1163 1232 orti
1216 1185 1303 1232 mei
1343 1185 1531 1249 prefatis
1566 1185 1766 1260 Johanni
1808 1185 1944 1231 Milis
1984 1197 2030 1231 et

422 1252 652 1310 Dionisie,
690 1253 823 1299 uxori
860 1252 971 1317 ejus,
1009 1252 1255 1300 heredibus
1289 1263 1336 1299 et
1371 1270 1534 1299 eorum
1576 1253 1816 1316 assignatis
1857 1252 2032 1315 imper-

422 1332 652 1383 petuum:
693 1319 903 1367 ffaciend’
947 1320 1054 1367 inde
1095 1320 1343 1367 servicium
1385 1320 1565 1367 domini
1605 1319 1748 1384 Regis
1785 1336 1888 1366 curn
1914 1319 2032 1365 acci-

423 1387 543 1434 derit
569 1388 824 1434 secundum
852 1387 1239 1434 consuetudinem
1267 1398 1430 1450 portus
1448 1386 1702 1433 antedicti:
1741 1398 1786 1433 et
1807 1386 2030 1433 reddend'

423 1455 529 1501 inde
554 1454 794 1501 annuatim
821 1455 877 1501 ad
904 1453 1076 1501 festum
1102 1454 1376 1501 Nativitatis
1399 1454 1551 1500 Sancti
1570 1453 1797 1515 Johannis
1827 1454 2032 1517 Baptiste

424 1522 562 1568 michi
607 1521 819 1586 predicto
860 1521 1062 1578 Thome,
1105 1521 1350 1568 heredibus
1390 1532 1436 1568 et
1478 1520 1719 1585 assignatis
1760 1521 1887 1579 meis,
1913 1521 2032 1568 duos

423 1589 596 1636 solidos
620 1588 767 1644 liberi,
794 1589 1020 1652 perpetui,
1046 1599 1092 1634 et
1125 1588 1332 1635 annualis
1368 1588 1610 1636 redditus:
1649 1588 1756 1634 etsi
1791 1589 2031 1653 contingat

422 1657 602 1704 dictum
628 1655 866 1703 redditum
890 1655 1135 1702 annualem
1169 1656 1494 1720 predictorum
1532 1656 1559 1720 ij
1588 1672 1623 1701 s.
1661 1666 1814 1702 aretro
1849 1654 1948 1702 fore
1984 1673 2030 1702 in

423 1734 550 1787 parte
592 1723 664 1770 vel
706 1724 753 1770 in
796 1733 899 1770 toto
939 1723 1099 1787 aliquo
1140 1740 1262 1770 anno
1303 1734 1408 1786 post
1450 1722 1623 1770 festum
1651 1723 1758 1769 inde
1783 1722 2034 1770 solucionis

423 1801 736 1854 prenotatum,
784 1801 896 1837 tunc
943 1790 1058 1837 bene
1104 1789 1259 1838 licebit
1307 1790 1446 1837 michi
1511 1790 1782 1854 supradicto
1828 1790 2032 1846 Thome,

423 1857 668 1906 heredibus
708 1869 754 1904 et
795 1858 1038 1922 assignatis
1080 1858 1211 1915 meis,
1249 1858 1294 1904 in
1332 1857 1586 1920 predictam
1629 1856 1873 1921 parcellam
1912 1868 2033 1904 terre

422 1942 531 1972 cum
557 1924 855 1989 pertinenciis
878 1925 1170 1989 distringere,
1194 1936 1240 1972 et
1273 1925 1589 1972 districciones
1620 1936 1772 1989 captas
1806 1925 2033 1972 abducere

421 2003 658 2057 asportare
681 2003 727 2040 et
750 1991 948 2039 retinere
972 1992 1120 2039 donec
1144 1992 1201 2038 de
1234 1993 1444 2056 predicto
1481 1991 1668 2039 redditu
1705 2002 1857 2038 aretro
1891 1992 2034 2039 exist-

421 2071 542 2117 ente,
580 2078 670 2107 una
704 2076 811 2106 cum
845 2059 951 2106 inde
979 2059 1193 2122 dampnis
1228 2059 1466 2106 occasione
1502 2059 1789 2106 detencionis
1824 2059 2031 2124 ejusdem

423 2127 605 2183 habitis,
660 2126 861 2191 plenarie
912 2125 1134 2173 satisfiat:
1190 2127 1225 2173 si
1280 2143 1391 2173 vero
1442 2126 1726 2191 contingerit
1768 2126 2031 2190 predictum

421 2194 667 2241 annualem
707 2193 945 2241 redditum
983 2194 1186 2240 duorum
1227 2193 1255 2258 ij
1295 2210 1329 2240 s.
1369 2194 1629 2240 solidorum
1664 2193 1725 2257 [!]
1754 2205 1907 2241 aretro
1932 2193 2032 2240 fore

423 2279 504 2325 per
528 2278 701 2308 annum
726 2272 772 2308 et
798 2260 841 2307 xl
868 2261 964 2307 dies
990 2271 1095 2324 post
1122 2261 1303 2307 dictum
1329 2260 1438 2308 inde
1477 2260 1649 2307 festum
1685 2260 1949 2318 solucionis,
1987 2273 2032 2308 et

422 2329 658 2376 districcio
681 2328 910 2375 sufficiens
935 2329 989 2374 ad
1012 2328 1215 2374 valorem
1241 2327 1351 2374 dicti
1382 2328 1594 2374 redditus
1618 2339 1773 2374 aretro
1796 2329 2035 2375 existentis

423 2397 468 2442 in
495 2396 700 2459 predicta
725 2395 920 2459 parcella
945 2406 1064 2442 terre
1084 2412 1188 2441 cum
1221 2395 1517 2457 pertinenciis
1547 2412 1836 2459 nequaquam
1864 2395 2034 2458 reperi-

422 2475 539 2521 atur,
565 2475 676 2510 tunc
702 2462 815 2509 bene
842 2462 996 2509 licebit
1024 2462 1160 2508 michi
1187 2462 1459 2525 supradicto
1483 2463 1686 2519 Thome,
1714 2462 1958 2509 heredibus
1987 2475 2031 2509 et

421 2530 662 2594 assignatis
687 2529 814 2586 meiS‚
843 2530 887 2575 in
915 2530 1169 2593 predictam
1197 2529 1442 2592 parcellam
1469 2540 1588 2576 terre
1613 2546 1718 2575 cum
1740 2530 2035 2592 pertinenciis

424 2599 469 2644 in
506 2614 914 2661 quorumcumque
951 2613 1114 2643 manus
1150 2596 1458 2659 imposterum
1502 2596 1754 2651 devenerit,
1784 2597 2031 2661 reingredi,

422 2677 467 2711 et
492 2682 591 2711 earn
619 2664 837 2721 reseisire,
861 2675 907 2710 et
934 2681 1072 2727 penes
1098 2680 1184 2719 me,
1221 2664 1410 2710 heredes
1445 2674 1490 2710 et
1527 2663 1780 2727 assignatos
1819 2680 1960 2720 meOS,
1986 2665 2030 2710 in

422 2749 526 2778 meo
561 2742 683 2778 statu
722 2731 919 2794 pristino
956 2731 1079 2777 illam
1120 2731 1319 2793 recipere
1352 2743 1395 2777 et
1426 2732 1773 2794 imperpetuum
1801 2731 2033 2794 possidere

953 2820 975 2842 *
994 2820 1080 2858 cht
1102 2820 1214 2857 blank
1239 2820 1275 2856 in
1301 2821 1365 2857 the
1392 2819 1480 2858 MS.
