2192 3342
432 230 492 292 98
914 226 1148 275 DOVER
1183 224 1556 275 CHARTERS

1106 423 1374 474 XXXI.

822 557 955 611 xxiiij
988 555 1297 610 Septembris
1326 565 1382 610 49
1411 555 1545 599 Edw.
1577 556 1663 600 111.

432 680 627 727 Scmu’r
665 687 901 743 presentes
944 686 992 724 et
1029 675 1179 723 futuri
1215 675 1347 741 quod
1381 675 1619 736 Johannes
1644 675 1850 739 Monyn,
1874 674 2043 733 senior,

436 747 596 813 Major
637 746 747 793 ville
788 746 1021 803 Dovorre,
1064 754 1110 790 et
1151 743 1362 808 ejusdem
1402 742 1512 790 ville
1551 742 1719 804 Jurati‚
1761 743 1819 790 de
1859 759 2043 790 assensu

434 815 581 862 totius
605 811 970 861 Communitatis
994 821 1321 858 concesserunt
1344 820 1391 857 et
1416 810 1617 874 presenti
1659 820 1782 857 carta
1806 810 2046 858 indentata

433 882 492 928 ad
529 880 657 929 feodi
694 880 876 927 firmam
913 878 1191 926 dimiserunt
1230 877 1443 925 Roberto
1475 878 1691 925 Swanton
1715 877 1775 925 de
1797 878 1975 937 eadem,
1998 888 2045 925 et

431 948 661 1009 Johanne,
698 946 833 994 uxori
858 946 974 1012 ejus,
1000 945 1236 1010 quandam
1261 956 1432 992 terram
1457 962 1649 993 vacuam
1666 945 1899 1010 jacentem
1924 943 2047 992 infra

433 1016 697 1063 libertatem
735 1024 899 1078 portus
936 1015 1153 1060 Dovorre
1190 1012 1238 1059 in
1269 1013 1585 1060 Derremanne
1609 1011 1804 1072 Warde‚
1830 1011 2046 1059 videlicet

435 1084 556 1130 inter
575 1082 750 1147 regiam
768 1091 961 1128 stratam
976 1097 1137 1127 versus
1152 1079 1422 1136 southwest‚
1441 1091 1487 1126 et
1507 1078 1713 1126 salaciam
1734 1079 1871 1126 maris
1890 1096 2048 1126 versus

435 1150 687 1206 northeast,
704 1160 750 1196 et
765 1159 936 1196 terram
950 1146 1363 1210 JohannisWylde
1378 1164 1541 1193 versus
1556 1147 1792 1193 southeast
1816 1165 1824 1193 z
1849 1146 2045 1193 habend’

435 1229 482 1265 et
506 1216 695 1264 tenend’
722 1215 979 1280 predictam
1004 1225 1174 1262 terram
1214 1231 1321 1261 cum
1358 1214 1453 1261 suis
1490 1213 1788 1277 pertinenciis
1825 1214 2047 1278 predictis

437 1283 650 1332 Roberto
667 1294 714 1330 et
731 1283 960 1344 Johanne,
985 1282 1120 1329 uxori
1145 1281 1258 1346 ejuS,
1285 1280 1531 1328 heredibus
1548 1292 1594 1328 et
1619 1298 1780 1328 eorum
1805 1281 2047 1346 assignatis

436 1352 803 1416 imperpetuum,
829 1349 1026 1397 faciend’
1065 1349 1173 1396 inde
1213 1348 1461 1396 servicium
1497 1349 1675 1395 domini
1713 1348 1834 1413 regis
1858 1349 2049 1413 quando

436 1419 644 1467 evenerit
665 1418 922 1465 secundum
942 1416 1328 1464 consuetudinem
1348 1427 1513 1478 portus
1539 1416 1734 1478 predicti
1755 1427 1799 1462 et
1820 1416 2045 1462 reddend’

439 1486 546 1534 inde
570 1485 814 1533 annuatim
838 1484 1046 1549 predicte
1071 1483 1413 1531 Communitati
1438 1483 1495 1530 ad
1521 1481 1693 1529 festum
1721 1483 1892 1530 Pasche
1928 1482 2047 1530 duo-

438 1554 587 1601 decim
630 1552 843 1601 denarios
880 1552 1215 1615 sterlingorum
1253 1549 1462 1596 annualis
1499 1550 1725 1597 redditus.
1797 1550 1976 1597 Volunt
2001 1561 2047 1597 et

439 1621 702 1668 concedunt
737 1619 933 1683 predicti
971 1618 1208 1665 Robertus
1242 1628 1288 1664 et
1311 1617 1539 1678 Johanna,
1566 1634 1685 1663 uxor
1709 1617 1823 1683 ejuS,
1848 1629 1894 1664 et
1918 1618 2049 1664 here-

438 1689 518 1735 des
543 1689 613 1735 sui
639 1688 769 1752 quod
794 1686 909 1734 bene
934 1685 1068 1732 liceat
1111 1684 1285 1750 Majori
1311 1695 1356 1731 et
1379 1683 1555 1744 Juratis
1579 1684 1688 1731 ville
1714 1685 1920 1748 predicte
1944 1685 2049 1749 qui-

439 1772 640 1820 cumque
664 1771 752 1819 pro
775 1765 987 1818 tempore
1012 1751 1190 1799 fuerint
1214 1763 1261 1799 et
1285 1768 1447 1799 eorum
1466 1752 1713 1799 attornatis
1732 1769 1817 1816 pro
1835 1753 2049 1816 predicto

439 1822 624 1870 annuali
650 1821 839 1868 redditu
864 1820 1085 1886 quociens
1108 1830 1261 1866 aretro
1286 1817 1427 1865 fuerit
1451 1819 1498 1865 in
1535 1820 1742 1882 predicta
1779 1831 1902 1867 terra
1942 1836 2047 1866 cum

439 1891 534 1937 suis
585 1888 883 1953 pertinenciis
935 1888 1229 1951 distringere,
1281 1897 1327 1933 et
1374 1886 1694 1933 districciones
1734 1886 1961 1934 abducere
2002 1898 2047 1933 et

440 1957 639 2004 retinere
663 1972 910 2021 quousque
934 1955 991 2001 de
1017 1954 1228 2018 predicto
1253 1953 1458 2010 redditu,
1495 1964 1541 2000 et
1577 1953 1634 2000 de
1670 1954 1891 2001 omnibus
1926 1971 2049 2001 arre-

441 2024 580 2090 ragiis
617 2023 826 2089 ejusdem
870 2021 955 2068 sibi
994 2021 1137 2068 fuerit
1178 2020 1380 2084 plenarie
1423 2019 1654 2068 satisfacta
1677 2039 1685 2068 :
1745 2021 1810 2069 Et
1849 2021 2046 2085 predicti

443 2092 602 2157 Major
626 2101 673 2138 et
695 2089 849 2151 Jurati
876 2105 1160 2136 successores
1194 2087 1264 2134 sui
1302 2088 1490 2134 nornine
1525 2088 1648 2135 dicte
1685 2088 2051 2136 Communitatis

441 2159 699 2223 predictam
725 2168 896 2205 terram
920 2173 1026 2203 cum
1064 2155 1160 2202 suis
1197 2155 1495 2219 pertinenciis
1530 2154 1720 2219 prefatis
1757 2155 1968 2202 Roberto
2002 2167 2049 2203 et

440 2227 668 2289 Johanne,
695 2225 828 2272 uxori
853 2224 968 2289 ejus,
994 2222 1242 2270 heredibus
1272 2234 1318 2269 et
1356 2239 1519 2269 eorum
1551 2223 1792 2287 assignatis
1825 2240 1911 2287 pro
1944 2240 2049 2287 pre-

441 2295 570 2342 dicto
607 2292 792 2339 annuali
832 2291 1020 2338 redditu
1059 2301 1221 2338 contra
1258 2306 1419 2336 omnes
1457 2302 1618 2354 gentes
1654 2290 2050 2338 warrantizabunt

441 2362 804 2425 imperpetuum.

543 2429 595 2474 In
622 2427 752 2492 cujus
776 2426 839 2472 rei
865 2424 1186 2472 testimonium
1218 2423 1417 2487 presenti
1453 2435 1575 2470 carte
1600 2424 1816 2472 *dentate
1840 2424 2046 2490 sigillum

441 2495 579 2543 officii
606 2494 860 2559 majoratus
885 2492 1176 2556 presentibus
1199 2502 1267 2537 est
1291 2508 1562 2554 appensum.

543 2564 666 2609 Data
690 2562 907 2607 Dovorra
934 2559 1152 2605 vicesimo
1177 2569 1344 2622 quarto
1369 2558 1444 2604 die
1468 2557 1753 2620 Septembris
1777 2575 1899 2605 anno
1919 2560 2048 2624 regni

445 2631 585 2694 Regis
612 2627 851 2686 Edwardi,
876 2627 1004 2673 tercii
1032 2636 1136 2688 post
1162 2636 1468 2690 conquestum
1490 2626 1678 2689 Anglie,
1695 2626 2050 2691 quadragesimo

446 2715 585 2756 nono,
612 2696 740 2760 regni
768 2711 879 2741 vero
903 2694 971 2740 sui
1000 2693 1185 2739 ffrancie
1213 2692 1445 2739 tricesimo
1469 2703 1613 2740 sexto,

447 2838 558 2904 [33]
