2181 3155
384 245 472 303 164
858 243 1506 291 DOVER(]{ARTERS

1117 442 1246 493 LV.

1168 578 1197 606 1.

811 677 942 729 xxvij
972 677 1200 728 januarii,
1237 686 1286 728 13
1320 676 1440 719 Hen.
1477 676 1555 719 1v.

380 781 499 829 Hne
525 792 593 828 est
618 781 767 828 finalis
790 780 1039 827 concordia
1063 779 1182 826 facta
1207 780 1253 826 in
1282 779 1428 826 Curia
1465 780 1644 826 domini
1684 780 1826 845 Regis
1861 790 1988 828 tenta

379 850 425 895 in
469 861 610 913 portu
655 850 869 894 Dovorre
911 848 1060 912 xxvij⁰
1106 848 1181 894 die
1227 848 1433 908 Januarii
1485 864 1608 894 anno
1659 848 1790 912 regni
1846 847 1989 911 Regis

381 916 599 973 Henrici,
647 915 804 979 quarti
856 926 960 978 post
1010 926 1322 978 conquestum
1373 915 1564 979 Anglie,
1606 915 1751 961 tercio
1791 915 1990 970 decimo,

379 1000 535 1030 coram
570 983 784 1044 Johanne
820 981 1087 1039 Evebroke,
1127 981 1346 1046 Majore3
1399 983 1588 1028 Thoma
1627 982 1762 1046 Page,
1800 981 1961 1027 Bailiff
1976 998 1988 1036 ;

381 1067 558 1097 necnon
599 1050 775 1111 Juratis
815 1060 860 1095 et
902 1049 1002 1095 aliis
1044 1049 1156 1095 dicti
1200 1049 1378 1096 domini
1427 1050 1568 1114 Regis
1620 1049 1833 1096 fidelibus
1876 1060 1988 1095 tunc

380 1118 553 1165 ibidem
574 1116 867 1181 congregatis
889 1132 901 1172 3
939 1116 1059 1162 inter
1075 1117 1313 1162 Thomam
1333 1127 1404 1162 ate
1424 1116 1654 1171 Crouche,
1674 1117 1731 1163 de
1752 1116 1988 1170 Dovorra,

377 1196 422 1231 et
447 1185 726 1246 Johannam,
754 1200 946 1230 uxorem
971 1184 1086 1248 ejus,
1116 1200 1171 1229 ex
1208 1194 1334 1247 parte
1372 1200 1475 1240 una,
1501 1195 1762 1248 querenteS‚
1786 1196 1831 1229 et
1858 1183 1988 1229 Wal-

381 1264 535 1298 terum
578 1251 706 1298 Bode
747 1251 805 1298 de
847 1249 1139 1306 ffeversham,
1175 1262 1221 1296 et
1261 1251 1595 1315 Margaretam,
1638 1267 1830 1297 uxorem
1872 1251 1989 1315 ejus,

379 1319 521 1365 filiam
560 1330 607 1366 et
646 1318 863 1364 heredem
894 1317 1124 1364 willelmi
1165 1317 1380 1374 Poltone,
1414 1319 1471 1364 de
1510 1319 1742 1373 Dovorra,
1772 1335 1827 1364 ex
1861 1330 1989 1381 parte

380 1387 536 1443 altera,
560 1384 885 1442 deforciantes,
923 1385 982 1431 de
1017 1396 1117 1431 tota
1153 1395 1283 1447 parte
1320 1385 1526 1447 ipsorum
1558 1385 1756 1431 Walteri
1782 1397 1827 1431 et
1857 1386 1990 1430 Mar-

378 1465 533 1518 garete
593 1453 733 1499 unius
792 1453 1044 1498 tenementi
1103 1452 1261 1498 situati
1322 1451 1442 1497 infra
1505 1452 1767 1498 libertatem
1827 1464 1992 1516 portus

383 1521 636 1568 Dovorre
627 1520 725 1566 in*
897 1519 1062 1576 warde,
1093 1519 1216 1565 unde
1251 1519 1474 1582 placitum
1509 1519 1840 1566 convencionis
1862 1536 1991 1565 sum-

383 1588 617 1635 monitum
654 1585 744 1633 fuit
782 1587 902 1633 inter
936 1587 1123 1633 eosdem
1162 1587 1207 1632 in
1245 1586 1369 1632 dicta
1405 1586 1577 1632 Curia:
1631 1587 1709 1642 ita,
1759 1587 1987 1641 videlicet,

381 1656 509 1720 quod
546 1653 713 1718 prefati
753 1653 995 1701 Walterus
1030 1664 1076 1700 et
1112 1654 1397 1717 Margareta,
1426 1654 1716 1711 summoniti,
1744 1666 1990 1710 venerunt,

381 1734 427 1769 et
474 1732 854 1786 recognoverunt
896 1731 1045 1767 totam
1081 1737 1243 1766 eorum
1283 1732 1459 1783 partem
1496 1721 1752 1768 tenementi
1796 1694 1990 1796 predicti

382 1789 580 1854 forejus
605 1787 894 1853 prefatorum
920 1789 1110 1834 Thome
1143 1799 1187 1834 et
1219 1789 1447 1848 Johanne,
1472 1800 1517 1834 et
1550 1788 1676 1834 illam
1715 1788 1991 1835 remiserunt

382 1869 428 1904 et
453 1857 664 1921 quietum
691 1856 1039 1902 clamaverunt:
1079 1855 1268 1901 tenend‘
1302 1867 1347 1901 et
1385 1855 1582 1902 habend‘
1606 1855 1780 1902 eisdem
1805 1855 1991 1903 Thome

382 1937 427 1971 et
453 1925 682 1985 Johanne,
709 1922 956 1969 heredibus
980 1934 1026 1968 et
1059 1922 1301 1986 assignatis
1335 1922 1542 1986 ejusdem
1581 1923 1783 1979 Thome,
1821 1923 1993 1986 imper-

383 2003 610 2055 petuum:
664 2001 871 2053 preterea
919 2000 1245 2036 concesserunt
1294 1989 1434 2036 iidem
1485 1990 1726 2036 Walterus
1760 2002 1805 2036 et
1860 1991 1994 2037 Mar-

384 2070 538 2124 gareta
592 2074 678 2121 pro
729 2074 775 2104 se
827 2068 873 2103 et
925 2056 1173 2103 heredibus
1226 2056 1370 2120 ipsius
1423 2057 1691 2121 Margarete
1739 2058 1867 2121 quod
1908 2058 1991 2122 ipsi

385 2124 754 2172 warantizabunt
825 2135 971 2170 totam
1043 2135 1221 2187 partem
1291 2140 1421 2170 suam
1486 2124 1679 2187 predicti
1739 2126 1992 2171 tenementi

384 2191 752 2257 supranominati
795 2192 983 2238 Thome
1024 2202 1068 2237 et
1110 2191 1339 2251 Johanne,
1383 2191 1513 2237 uxori
1554 2208 1650 2249 sue,
1679 2191 1924 2238 heredibus
1947 2204 1994 2238 et

385 2260 628 2324 assignatis
651 2259 794 2322 ipsius
818 2259 1022 2314 Thome,
1048 2269 1209 2304 contra
1234 2274 1396 2304 omnes
1430 2269 1591 2322 gentes
1630 2260 1991 2322 imperpetuum.

944 2359 966 2379 *
982 2358 1068 2395 Left
1087 2358 1198 2395 blank
1218 2359 1254 2394 in
1274 2359 1338 2395 the
1359 2358 1445 2394 MS.

397 2864 530 2925 [188.
572 2865 659 2927 7A]
