<?xml version="1.0" encoding="UTF-8"?>
<!DOCTYPE html PUBLIC "-//W3C//DTD XHTML 1.0 Transitional//EN"
    "http://www.w3.org/TR/xhtml1/DTD/xhtml1-transitional.dtd">
<html xmlns="http://www.w3.org/1999/xhtml" xml:lang="en" lang="en">
 <head>
  <title>
</title>
<meta http-equiv="Content-Type" content="text/html;charset=utf-8" />
  <meta name='ocr-system' content='tesseract 3.04.00' />
  <meta name='ocr-capabilities' content='ocr_page ocr_carea ocr_par ocr_line ocrx_word'/>
</head>
<body>
  <div class='ocr_page' id='page_1' title='image "./doverchartersoth00doverich/doverchartersoth00doverich_0474.png"; bbox 0 0 2181 3155; ppageno 0'>
   <div class='ocr_carea' id='block_1_1' title="bbox 296 178 1426 234">
    <p class='ocr_par' dir='ltr' id='par_1_1' title="bbox 296 178 1426 234">
     <span class='ocr_line' id='line_1_1' title="bbox 296 178 1426 234; baseline 0.004 -12"><span class='ocrx_word' id='word_1_1' title='bbox 296 188 391 234; x_wconf 82' lang='lat'>442</span> <span class='ocrx_word' id='word_1_2' title='bbox 779 178 1019 226; x_wconf 83' lang='lat' dir='ltr'>DovER</span> <span class='ocrx_word' id='word_1_3' title='bbox 1055 180 1426 228; x_wconf 86' lang='lat' dir='ltr'>CHARTERS</span> 
     </span>
    </p>
   </div>
   <div class='ocr_carea' id='block_1_2' title="bbox 792 310 1397 479">
    <p class='ocr_par' dir='ltr' id='par_1_2' title="bbox 792 310 1397 479">
     <span class='ocr_line' id='line_1_2' title="bbox 954 310 1241 362; baseline 0.003 -1"><span class='ocrx_word' id='word_1_4' title='bbox 954 310 999 361; x_wconf 89' lang='lat' dir='ltr'>C</span> <span class='ocrx_word' id='word_1_5' title='bbox 1017 310 1074 360; x_wconf 90' lang='lat' dir='ltr'>X</span> <span class='ocrx_word' id='word_1_6' title='bbox 1093 311 1150 360; x_wconf 92' lang='lat' dir='ltr'>X</span> <span class='ocrx_word' id='word_1_7' title='bbox 1169 311 1241 362; x_wconf 91' lang='lat' dir='ltr'>X.</span> 
     </span>
     <span class='ocr_line' id='line_1_3' title="bbox 792 425 1397 479; baseline 0.005 -13"><span class='ocrx_word' id='word_1_8' title='bbox 792 425 852 478; x_wconf 89' lang='lat' dir='ltr'>iiij</span> <span class='ocrx_word' id='word_1_9' title='bbox 884 425 1192 478; x_wconf 87' lang='lat' dir='ltr'>Septembris,</span> <span class='ocrx_word' id='word_1_10' title='bbox 1222 433 1250 479; x_wconf 96' lang='lat'>7</span> <span class='ocrx_word' id='word_1_11' title='bbox 1279 427 1397 469; x_wconf 85' lang='lat' dir='ltr'>Eliz.</span> 
     </span>
    </p>
   </div>
   <div class='ocr_carea' id='block_1_3' title="bbox 292 521 1904 2871">
    <p class='ocr_par' dir='ltr' id='par_1_3' title="bbox 292 521 1904 2535">
     <span class='ocr_line' id='line_1_4' title="bbox 298 521 1904 594; baseline 0.004 -26"><span class='ocrx_word' id='word_1_12' title='bbox 298 521 417 570; x_wconf 64' lang='lat' dir='ltr'>Hac</span> <span class='ocrx_word' id='word_1_13' title='bbox 465 523 715 573; x_wconf 89' lang='lat' dir='ltr'>indentura</span> <span class='ocrx_word' id='word_1_14' title='bbox 760 537 956 574; x_wconf 90' lang='lat' dir='ltr'>testatur</span> <span class='ocrx_word' id='word_1_15' title='bbox 1002 529 1134 592; x_wconf 92' lang='lat' dir='ltr'>quod</span> <span class='ocrx_word' id='word_1_16' title='bbox 1176 528 1445 576; x_wconf 91' lang='lat' dir='ltr'>Willelmus</span> <span class='ocrx_word' id='word_1_17' title='bbox 1496 530 1701 584; x_wconf 77' lang='lat' dir='ltr'>Burden,</span> <span class='ocrx_word' id='word_1_18' title='bbox 1743 528 1904 594; x_wconf 91' lang='lat' dir='ltr'>Major</span> 
     </span>
     <span class='ocr_line' id='line_1_5' title="bbox 297 589 1903 655; baseline 0.004 -20"><span class='ocrx_word' id='word_1_19' title='bbox 297 589 406 636; x_wconf 91' lang='lat' dir='ltr'>ville</span> <span class='ocrx_word' id='word_1_20' title='bbox 441 603 487 638; x_wconf 92' lang='lat' dir='ltr'>et</span> <span class='ocrx_word' id='word_1_21' title='bbox 523 604 687 655; x_wconf 91' lang='lat' dir='ltr'>portus</span> <span class='ocrx_word' id='word_1_22' title='bbox 721 595 903 652; x_wconf 90' lang='lat' dir='ltr'>Dovor,</span> <span class='ocrx_word' id='word_1_23' title='bbox 931 605 977 641; x_wconf 91' lang='lat' dir='ltr'>et</span> <span class='ocrx_word' id='word_1_24' title='bbox 999 595 1152 655; x_wconf 88' lang='lat' dir='ltr'>Jurati</span> <span class='ocrx_word' id='word_1_25' title='bbox 1178 595 1374 653; x_wconf 89' lang='lat' dir='ltr'>ibidem,</span> <span class='ocrx_word' id='word_1_26' title='bbox 1401 597 1624 644; x_wconf 89' lang='lat' dir='ltr'>unanimo</span> <span class='ocrx_word' id='word_1_27' title='bbox 1647 613 1832 644; x_wconf 89' lang='lat' dir='ltr'>assensu</span> <span class='ocrx_word' id='word_1_28' title='bbox 1856 606 1903 643; x_wconf 89' lang='lat' dir='ltr'>et</span> 
     </span>
     <span class='ocr_line' id='line_1_6' title="bbox 297 662 1902 728; baseline 0.005 -26"><span class='ocrx_word' id='word_1_29' title='bbox 297 673 526 704; x_wconf 87' lang='lat' dir='ltr'>concensu</span> <span class='ocrx_word' id='word_1_30' title='bbox 569 676 653 722; x_wconf 93' lang='lat' dir='ltr'>pro</span> <span class='ocrx_word' id='word_1_31' title='bbox 692 671 739 707; x_wconf 93' lang='lat' dir='ltr'>et</span> <span class='ocrx_word' id='word_1_32' title='bbox 781 662 827 707; x_wconf 93' lang='lat' dir='ltr'>in</span> <span class='ocrx_word' id='word_1_33' title='bbox 871 662 1059 708; x_wconf 89' lang='lat' dir='ltr'>nomine</span> <span class='ocrx_word' id='word_1_34' title='bbox 1104 663 1250 709; x_wconf 90' lang='lat' dir='ltr'>totius</span> <span class='ocrx_word' id='word_1_35' title='bbox 1303 664 1654 712; x_wconf 86' lang='lat' dir='ltr'>communitatis</span> <span class='ocrx_word' id='word_1_36' title='bbox 1693 663 1902 728; x_wconf 88' lang='lat' dir='ltr'>ejusdem</span> 
     </span>
     <span class='ocr_line' id='line_1_7' title="bbox 295 723 1903 787; baseline 0.004 -18"><span class='ocrx_word' id='word_1_37' title='bbox 295 723 405 770; x_wconf 91' lang='lat' dir='ltr'>ville</span> <span class='ocrx_word' id='word_1_38' title='bbox 429 725 742 785; x_wconf 88' lang='lat' dir='ltr'>tradiderunt,</span> <span class='ocrx_word' id='word_1_39' title='bbox 768 740 1108 787; x_wconf 89' lang='lat' dir='ltr'>concesserunt,</span> <span class='ocrx_word' id='word_1_40' title='bbox 1132 741 1179 777; x_wconf 94' lang='lat' dir='ltr'>et</span> <span class='ocrx_word' id='word_1_41' title='bbox 1203 731 1261 778; x_wconf 90' lang='lat' dir='ltr'>ad</span> <span class='ocrx_word' id='word_1_42' title='bbox 1280 729 1406 777; x_wconf 87' lang='lat' dir='ltr'>feodi</span> <span class='ocrx_word' id='word_1_43' title='bbox 1426 731 1607 778; x_wconf 86' lang='lat' dir='ltr'>firmam</span> <span class='ocrx_word' id='word_1_44' title='bbox 1625 731 1903 778; x_wconf 87' lang='lat' dir='ltr'>dimiserunt</span> 
     </span>
     <span class='ocr_line' id='line_1_8' title="bbox 295 790 1902 861; baseline 0.005 -25"><span class='ocrx_word' id='word_1_45' title='bbox 295 790 482 838; x_wconf 92' lang='lat' dir='ltr'>Thome</span> <span class='ocrx_word' id='word_1_46' title='bbox 523 793 758 851; x_wconf 90' lang='lat' dir='ltr'>Wattson‚</span> <span class='ocrx_word' id='word_1_47' title='bbox 798 796 856 842; x_wconf 90' lang='lat' dir='ltr'>de</span> <span class='ocrx_word' id='word_1_48' title='bbox 894 795 1005 842; x_wconf 87' lang='lat' dir='ltr'>villa</span> <span class='ocrx_word' id='word_1_49' title='bbox 1041 808 1087 844; x_wconf 91' lang='lat' dir='ltr'>et</span> <span class='ocrx_word' id='word_1_50' title='bbox 1125 808 1265 861; x_wconf 93' lang='lat' dir='ltr'>portu</span> <span class='ocrx_word' id='word_1_51' title='bbox 1290 797 1527 860; x_wconf 86' lang='lat' dir='ltr'>predictis,</span> <span class='ocrx_word' id='word_1_52' title='bbox 1551 799 1735 859; x_wconf 88' lang='lat' dir='ltr'>Jurato,</span> <span class='ocrx_word' id='word_1_53' title='bbox 1761 813 1902 844; x_wconf 88' lang='lat' dir='ltr'>unam</span> 
     </span>
     <span class='ocr_line' id='line_1_9' title="bbox 296 858 1902 930; baseline 0.004 -27"><span class='ocrx_word' id='word_1_54' title='bbox 296 858 472 920; x_wconf 90' lang='lat' dir='ltr'>peciam</span> <span class='ocrx_word' id='word_1_55' title='bbox 522 871 659 918; x_wconf 90' lang='lat' dir='ltr'>terre,</span> <span class='ocrx_word' id='word_1_56' title='bbox 710 878 816 908; x_wconf 91' lang='lat' dir='ltr'>cum</span> <span class='ocrx_word' id='word_1_57' title='bbox 855 862 1073 910; x_wconf 90' lang='lat' dir='ltr'>omnibus</span> <span class='ocrx_word' id='word_1_58' title='bbox 1109 864 1204 911; x_wconf 91' lang='lat' dir='ltr'>suis</span> <span class='ocrx_word' id='word_1_59' title='bbox 1241 864 1552 928; x_wconf 85' lang='lat' dir='ltr'>pertinenciis,</span> <span class='ocrx_word' id='word_1_60' title='bbox 1584 865 1818 930; x_wconf 89' lang='lat' dir='ltr'>jacentem</span> <span class='ocrx_word' id='word_1_61' title='bbox 1855 875 1902 911; x_wconf 92' lang='lat' dir='ltr'>et</span> 
     </span>
     <span class='ocr_line' id='line_1_10' title="bbox 295 926 1903 996; baseline 0.005 -26"><span class='ocrx_word' id='word_1_62' title='bbox 295 926 568 973; x_wconf 88' lang='lat' dir='ltr'>existentem</span> <span class='ocrx_word' id='word_1_63' title='bbox 617 927 738 974; x_wconf 89' lang='lat' dir='ltr'>infra</span> <span class='ocrx_word' id='word_1_64' title='bbox 785 929 1092 988; x_wconf 88' lang='lat' dir='ltr'>Libertatem,</span> <span class='ocrx_word' id='word_1_65' title='bbox 1138 931 1264 988; x_wconf 92' lang='lat' dir='ltr'>ville,</span> <span class='ocrx_word' id='word_1_66' title='bbox 1311 942 1357 979; x_wconf 92' lang='lat' dir='ltr'>et</span> <span class='ocrx_word' id='word_1_67' title='bbox 1398 943 1565 996; x_wconf 89' lang='lat' dir='ltr'>portus</span> <span class='ocrx_word' id='word_1_68' title='bbox 1615 931 1812 996; x_wconf 89' lang='lat' dir='ltr'>predicti</span> <span class='ocrx_word' id='word_1_69' title='bbox 1854 931 1903 978; x_wconf 90' lang='lat' dir='ltr'>in</span> 
     </span>
     <span class='ocr_line' id='line_1_11' title="bbox 298 992 1904 1056; baseline 0.004 -19"><span class='ocrx_word' id='word_1_70' title='bbox 298 992 585 1040; x_wconf 89' lang='lat' dir='ltr'>Halvenden</span> <span class='ocrx_word' id='word_1_71' title='bbox 628 995 818 1053; x_wconf 91' lang='lat' dir='ltr'>Warde,</span> <span class='ocrx_word' id='word_1_72' title='bbox 863 997 910 1043; x_wconf 93' lang='lat' dir='ltr'>in</span> <span class='ocrx_word' id='word_1_73' title='bbox 952 997 1058 1045; x_wconf 89' lang='lat' dir='ltr'>vico</span> <span class='ocrx_word' id='word_1_74' title='bbox 1100 1010 1266 1046; x_wconf 88' lang='lat' dir='ltr'>vocato</span> <span class='ocrx_word' id='word_1_75' title='bbox 1307 999 1585 1056; x_wconf 91' lang='lat' dir='ltr'>brodstrete,</span> <span class='ocrx_word' id='word_1_76' title='bbox 1629 1000 1749 1046; x_wconf 90' lang='lat' dir='ltr'>inter</span> <span class='ocrx_word' id='word_1_77' title='bbox 1774 1010 1904 1046; x_wconf 90' lang='lat' dir='ltr'>tene-</span> 
     </span>
     <span class='ocr_line' id='line_1_12' title="bbox 296 1061 1903 1123; baseline 0.006 -19"><span class='ocrx_word' id='word_1_78' title='bbox 296 1071 508 1106; x_wconf 88' lang='lat' dir='ltr'>mentum</span> <span class='ocrx_word' id='word_1_79' title='bbox 579 1061 806 1109; x_wconf 87' lang='lat' dir='ltr'>Willelmi</span> <span class='ocrx_word' id='word_1_80' title='bbox 866 1064 992 1111; x_wconf 88' lang='lat' dir='ltr'>Calle</span> <span class='ocrx_word' id='word_1_81' title='bbox 1056 1082 1216 1112; x_wconf 89' lang='lat' dir='ltr'>versus</span> <span class='ocrx_word' id='word_1_82' title='bbox 1280 1067 1533 1123; x_wconf 90' lang='lat' dir='ltr'>northeast,</span> <span class='ocrx_word' id='word_1_83' title='bbox 1604 1081 1903 1113; x_wconf 88' lang='lat' dir='ltr'>communem</span> 
     </span>
     <span class='ocr_line' id='line_1_13' title="bbox 296 1127 1902 1190; baseline 0.004 -19"><span class='ocrx_word' id='word_1_84' title='bbox 296 1127 505 1174; x_wconf 91' lang='lat' dir='ltr'>venelam</span> <span class='ocrx_word' id='word_1_85' title='bbox 549 1145 707 1177; x_wconf 88' lang='lat' dir='ltr'>versus</span> <span class='ocrx_word' id='word_1_86' title='bbox 758 1131 1010 1190; x_wconf 86' lang='lat' dir='ltr'>southeast‚</span> <span class='ocrx_word' id='word_1_87' title='bbox 1053 1142 1376 1180; x_wconf 88' lang='lat' dir='ltr'>tenementum</span> <span class='ocrx_word' id='word_1_88' title='bbox 1424 1133 1649 1180; x_wconf 89' lang='lat' dir='ltr'>heredum</span> <span class='ocrx_word' id='word_1_89' title='bbox 1704 1132 1902 1180; x_wconf 88' lang='lat' dir='ltr'>Adriani</span> 
     </span>
     <span class='ocr_line' id='line_1_14' title="bbox 297 1193 1903 1263; baseline 0.006 -24"><span class='ocrx_word' id='word_1_90' title='bbox 297 1193 463 1241; x_wconf 93' lang='lat' dir='ltr'>White</span> <span class='ocrx_word' id='word_1_91' title='bbox 519 1212 680 1242; x_wconf 89' lang='lat' dir='ltr'>versus</span> <span class='ocrx_word' id='word_1_92' title='bbox 737 1198 1005 1256; x_wconf 87' lang='lat' dir='ltr'>southwest‚</span> <span class='ocrx_word' id='word_1_93' title='bbox 1066 1211 1113 1247; x_wconf 92' lang='lat' dir='ltr'>et</span> <span class='ocrx_word' id='word_1_94' title='bbox 1163 1199 1428 1263; x_wconf 88' lang='lat' dir='ltr'>predictum</span> <span class='ocrx_word' id='word_1_95' title='bbox 1481 1201 1637 1247; x_wconf 88' lang='lat' dir='ltr'>vicum</span> <span class='ocrx_word' id='word_1_96' title='bbox 1685 1212 1903 1247; x_wconf 88' lang='lat' dir='ltr'>vocatum</span> 
     </span>
     <span class='ocr_line' id='line_1_15' title="bbox 294 1260 1903 1332; baseline 0.004 -26"><span class='ocrx_word' id='word_1_97' title='bbox 294 1260 556 1309; x_wconf 90' lang='lat' dir='ltr'>brodstrete</span> <span class='ocrx_word' id='word_1_98' title='bbox 592 1280 751 1310; x_wconf 91' lang='lat' dir='ltr'>versus</span> <span class='ocrx_word' id='word_1_99' title='bbox 788 1265 1042 1313; x_wconf 88' lang='lat' dir='ltr'>northwest</span> <span class='ocrx_word' id='word_1_100' title='bbox 1065 1285 1073 1313; x_wconf 91' lang='lat'>:</span> <span class='ocrx_word' id='word_1_101' title='bbox 1115 1267 1338 1314; x_wconf 91' lang='lat' dir='ltr'>Habend’</span> <span class='ocrx_word' id='word_1_102' title='bbox 1363 1279 1409 1314; x_wconf 92' lang='lat' dir='ltr'>et</span> <span class='ocrx_word' id='word_1_103' title='bbox 1433 1267 1622 1315; x_wconf 89' lang='lat' dir='ltr'>tenend‘</span> <span class='ocrx_word' id='word_1_104' title='bbox 1648 1267 1903 1332; x_wconf 90' lang='lat' dir='ltr'>predictam</span> 
     </span>
     <span class='ocr_line' id='line_1_16' title="bbox 295 1328 1903 1399; baseline 0.004 -25"><span class='ocrx_word' id='word_1_105' title='bbox 295 1328 471 1391; x_wconf 89' lang='lat' dir='ltr'>peciam</span> <span class='ocrx_word' id='word_1_106' title='bbox 511 1339 635 1376; x_wconf 85' lang='lat' dir='ltr'>terre</span> <span class='ocrx_word' id='word_1_107' title='bbox 677 1347 784 1378; x_wconf 90' lang='lat' dir='ltr'>cum</span> <span class='ocrx_word' id='word_1_108' title='bbox 826 1333 1043 1380; x_wconf 90' lang='lat' dir='ltr'>omnibus</span> <span class='ocrx_word' id='word_1_109' title='bbox 1083 1333 1177 1380; x_wconf 88' lang='lat' dir='ltr'>suis</span> <span class='ocrx_word' id='word_1_110' title='bbox 1218 1334 1514 1398; x_wconf 88' lang='lat' dir='ltr'>pertinenciis</span> <span class='ocrx_word' id='word_1_111' title='bbox 1539 1333 1724 1399; x_wconf 90' lang='lat' dir='ltr'>prefato</span> <span class='ocrx_word' id='word_1_112' title='bbox 1747 1336 1903 1382; x_wconf 89' lang='lat' dir='ltr'>Tome</span> 
     </span>
     <span class='ocr_line' id='line_1_17' title="bbox 299 1395 1903 1466; baseline 0.004 -25"><span class='ocrx_word' id='word_1_113' title='bbox 299 1395 533 1456; x_wconf 87' lang='lat' dir='ltr'>Wattson,</span> <span class='ocrx_word' id='word_1_114' title='bbox 583 1397 830 1446; x_wconf 90' lang='lat' dir='ltr'>heredibus</span> <span class='ocrx_word' id='word_1_115' title='bbox 875 1410 920 1447; x_wconf 93' lang='lat' dir='ltr'>et</span> <span class='ocrx_word' id='word_1_116' title='bbox 968 1400 1210 1466; x_wconf 86' lang='lat' dir='ltr'>assignatis</span> <span class='ocrx_word' id='word_1_117' title='bbox 1249 1402 1359 1459; x_wconf 88' lang='lat' dir='ltr'>suis,</span> <span class='ocrx_word' id='word_1_118' title='bbox 1399 1412 1446 1449; x_wconf 93' lang='lat' dir='ltr'>et</span> <span class='ocrx_word' id='word_1_119' title='bbox 1486 1402 1543 1449; x_wconf 94' lang='lat' dir='ltr'>ad</span> <span class='ocrx_word' id='word_1_120' title='bbox 1586 1418 1722 1449; x_wconf 92' lang='lat' dir='ltr'>usum</span> <span class='ocrx_word' id='word_1_121' title='bbox 1758 1401 1903 1466; x_wconf 88' lang='lat' dir='ltr'>ipsius</span> 
     </span>
     <span class='ocr_line' id='line_1_18' title="bbox 294 1462 1902 1533; baseline 0.005 -25"><span class='ocrx_word' id='word_1_122' title='bbox 294 1462 484 1509; x_wconf 91' lang='lat' dir='ltr'>Thome</span> <span class='ocrx_word' id='word_1_123' title='bbox 536 1464 774 1524; x_wconf 86' lang='lat' dir='ltr'>Wattson,</span> <span class='ocrx_word' id='word_1_124' title='bbox 823 1467 1050 1515; x_wconf 90' lang='lat' dir='ltr'>heredum</span> <span class='ocrx_word' id='word_1_125' title='bbox 1092 1479 1139 1514; x_wconf 90' lang='lat' dir='ltr'>et</span> <span class='ocrx_word' id='word_1_126' title='bbox 1180 1469 1520 1533; x_wconf 89' lang='lat' dir='ltr'>assignatorum</span> <span class='ocrx_word' id='word_1_127' title='bbox 1560 1485 1770 1525; x_wconf 89' lang='lat' dir='ltr'>suorum,</span> <span class='ocrx_word' id='word_1_128' title='bbox 1813 1484 1902 1532; x_wconf 92' lang='lat' dir='ltr'>pro</span> 
     </span>
     <span class='ocr_line' id='line_1_19' title="bbox 294 1529 1899 1601; baseline 0.005 -26"><span class='ocrx_word' id='word_1_129' title='bbox 294 1529 498 1577; x_wconf 90' lang='lat' dir='ltr'>termino</span> <span class='ocrx_word' id='word_1_130' title='bbox 538 1531 630 1596; x_wconf 87' lang='lat' dir='ltr'>xxj.</span> <span class='ocrx_word' id='word_1_131' title='bbox 673 1549 918 1592; x_wconf 91' lang='lat' dir='ltr'>annorum,</span> <span class='ocrx_word' id='word_1_132' title='bbox 960 1545 1007 1581; x_wconf 91' lang='lat' dir='ltr'>et</span> <span class='ocrx_word' id='word_1_133' title='bbox 1047 1534 1242 1582; x_wconf 91' lang='lat' dir='ltr'>ulterius</span> <span class='ocrx_word' id='word_1_134' title='bbox 1281 1536 1339 1583; x_wconf 93' lang='lat' dir='ltr'>de</span> <span class='ocrx_word' id='word_1_135' title='bbox 1363 1535 1454 1601; x_wconf 86' lang='lat' dir='ltr'>xxj.</span> <span class='ocrx_word' id='word_1_136' title='bbox 1481 1552 1710 1583; x_wconf 89' lang='lat' dir='ltr'>annorum</span> <span class='ocrx_word' id='word_1_137' title='bbox 1734 1536 1781 1582; x_wconf 88' lang='lat' dir='ltr'>in</span> <span class='ocrx_word' id='word_1_138' title='bbox 1807 1535 1899 1601; x_wconf 87' lang='lat' dir='ltr'>xxj.</span> 
     </span>
     <span class='ocr_line' id='line_1_20' title="bbox 293 1600 1901 1667; baseline 0.005 -25"><span class='ocrx_word' id='word_1_139' title='bbox 293 1613 526 1643; x_wconf 90' lang='lat' dir='ltr'>annorum</span> <span class='ocrx_word' id='word_1_140' title='bbox 549 1608 662 1645; x_wconf 92' lang='lat' dir='ltr'>tunc</span> <span class='ocrx_word' id='word_1_141' title='bbox 686 1600 1013 1663; x_wconf 89' lang='lat' dir='ltr'>proximorum</span> <span class='ocrx_word' id='word_1_142' title='bbox 1036 1602 1349 1666; x_wconf 89' lang='lat' dir='ltr'>sequentium,</span> <span class='ocrx_word' id='word_1_143' title='bbox 1374 1619 1520 1667; x_wconf 90' lang='lat' dir='ltr'>usque</span> <span class='ocrx_word' id='word_1_144' title='bbox 1551 1603 1599 1650; x_wconf 91' lang='lat' dir='ltr'>in</span> <span class='ocrx_word' id='word_1_145' title='bbox 1635 1603 1775 1650; x_wconf 88' lang='lat' dir='ltr'>finem</span> <span class='ocrx_word' id='word_1_146' title='bbox 1811 1613 1901 1650; x_wconf 90' lang='lat' dir='ltr'>ter-</span> 
     </span>
     <span class='ocr_line' id='line_1_21' title="bbox 295 1662 1900 1735; baseline 0.004 -26"><span class='ocrx_word' id='word_1_147' title='bbox 295 1662 410 1710; x_wconf 92' lang='lat' dir='ltr'>mini</span> <span class='ocrx_word' id='word_1_148' title='bbox 446 1664 650 1713; x_wconf 83' lang='lat' dir='ltr'>lxxxxix.</span> <span class='ocrx_word' id='word_1_149' title='bbox 681 1684 911 1715; x_wconf 92' lang='lat' dir='ltr'>annorum</span> <span class='ocrx_word' id='word_1_150' title='bbox 937 1669 1257 1733; x_wconf 86' lang='lat' dir='ltr'>proximorum</span> <span class='ocrx_word' id='word_1_151' title='bbox 1291 1671 1583 1734; x_wconf 88' lang='lat' dir='ltr'>sequentium</span> <span class='ocrx_word' id='word_1_152' title='bbox 1610 1681 1714 1735; x_wconf 92' lang='lat' dir='ltr'>post</span> <span class='ocrx_word' id='word_1_153' title='bbox 1737 1670 1900 1717; x_wconf 91' lang='lat' dir='ltr'>datum</span> 
     </span>
     <span class='ocr_line' id='line_1_22' title="bbox 295 1731 1900 1800; baseline 0.004 -24"><span class='ocrx_word' id='word_1_154' title='bbox 295 1731 580 1793; x_wconf 90' lang='lat' dir='ltr'>presentium</span> <span class='ocrx_word' id='word_1_155' title='bbox 639 1733 840 1797; x_wconf 90' lang='lat' dir='ltr'>plenarie</span> <span class='ocrx_word' id='word_1_156' title='bbox 887 1736 1182 1800; x_wconf 87' lang='lat' dir='ltr'>complend&#39;:</span> <span class='ocrx_word' id='word_1_157' title='bbox 1247 1736 1443 1785; x_wconf 89' lang='lat' dir='ltr'>faciend’</span> <span class='ocrx_word' id='word_1_158' title='bbox 1493 1738 1599 1784; x_wconf 88' lang='lat' dir='ltr'>inde</span> <span class='ocrx_word' id='word_1_159' title='bbox 1649 1737 1900 1784; x_wconf 89' lang='lat' dir='ltr'>servicium</span> 
     </span>
     <span class='ocr_line' id='line_1_23' title="bbox 292 1797 1902 1865; baseline 0.005 -22"><span class='ocrx_word' id='word_1_160' title='bbox 292 1797 482 1844; x_wconf 91' lang='lat' dir='ltr'>domine</span> <span class='ocrx_word' id='word_1_161' title='bbox 525 1810 681 1846; x_wconf 89' lang='lat' dir='ltr'>nostre</span> <span class='ocrx_word' id='word_1_162' title='bbox 723 1802 883 1865; x_wconf 88' lang='lat' dir='ltr'>regine</span> <span class='ocrx_word' id='word_1_163' title='bbox 923 1814 970 1850; x_wconf 92' lang='lat' dir='ltr'>et</span> <span class='ocrx_word' id='word_1_164' title='bbox 1009 1803 1349 1850; x_wconf 89' lang='lat' dir='ltr'>successoribus</span> <span class='ocrx_word' id='word_1_165' title='bbox 1389 1804 1483 1850; x_wconf 90' lang='lat' dir='ltr'>suis</span> <span class='ocrx_word' id='word_1_166' title='bbox 1508 1804 1764 1851; x_wconf 90' lang='lat' dir='ltr'>secundum</span> <span class='ocrx_word' id='word_1_167' title='bbox 1789 1820 1902 1850; x_wconf 89' lang='lat' dir='ltr'>con-</span> 
     </span>
     <span class='ocr_line' id='line_1_24' title="bbox 292 1865 1901 1932; baseline 0.005 -22"><span class='ocrx_word' id='word_1_168' title='bbox 292 1865 588 1912; x_wconf 87' lang='lat' dir='ltr'>suetudinem</span> <span class='ocrx_word' id='word_1_169' title='bbox 628 1867 737 1914; x_wconf 91' lang='lat' dir='ltr'>ville</span> <span class='ocrx_word' id='word_1_170' title='bbox 775 1870 981 1932; x_wconf 92' lang='lat' dir='ltr'>predicte</span> <span class='ocrx_word' id='word_1_171' title='bbox 1019 1887 1125 1917; x_wconf 91' lang='lat' dir='ltr'>cum</span> <span class='ocrx_word' id='word_1_172' title='bbox 1163 1870 1412 1918; x_wconf 89' lang='lat' dir='ltr'>acciderit:</span> <span class='ocrx_word' id='word_1_173' title='bbox 1453 1871 1518 1918; x_wconf 89' lang='lat' dir='ltr'>Et</span> <span class='ocrx_word' id='word_1_174' title='bbox 1543 1871 1767 1919; x_wconf 89' lang='lat' dir='ltr'>reddend‘</span> <span class='ocrx_word' id='word_1_175' title='bbox 1793 1871 1901 1918; x_wconf 89' lang='lat' dir='ltr'>inde</span> 
     </span>
     <span class='ocr_line' id='line_1_25' title="bbox 293 1932 1901 2002; baseline 0.004 -25"><span class='ocrx_word' id='word_1_176' title='bbox 293 1932 534 1979; x_wconf 91' lang='lat' dir='ltr'>annuatim</span> <span class='ocrx_word' id='word_1_177' title='bbox 580 1934 753 1999; x_wconf 87' lang='lat' dir='ltr'>Majori</span> <span class='ocrx_word' id='word_1_178' title='bbox 795 1946 841 1982; x_wconf 90' lang='lat' dir='ltr'>et</span> <span class='ocrx_word' id='word_1_179' title='bbox 881 1937 1056 1997; x_wconf 89' lang='lat' dir='ltr'>Juratis</span> <span class='ocrx_word' id='word_1_180' title='bbox 1096 1937 1221 1985; x_wconf 90' lang='lat' dir='ltr'>dicte</span> <span class='ocrx_word' id='word_1_181' title='bbox 1263 1938 1371 1984; x_wconf 90' lang='lat' dir='ltr'>ville</span> <span class='ocrx_word' id='word_1_182' title='bbox 1416 1938 1496 2002; x_wconf 89' lang='lat' dir='ltr'>qui</span> <span class='ocrx_word' id='word_1_183' title='bbox 1551 1955 1639 2002; x_wconf 90' lang='lat' dir='ltr'>pro</span> <span class='ocrx_word' id='word_1_184' title='bbox 1691 1950 1901 2001; x_wconf 89' lang='lat' dir='ltr'>tempore</span> 
     </span>
     <span class='ocr_line' id='line_1_26' title="bbox 294 1996 1895 2070; baseline 0.006 -27"><span class='ocrx_word' id='word_1_185' title='bbox 294 1996 471 2045; x_wconf 89' lang='lat' dir='ltr'>fuerint</span> <span class='ocrx_word' id='word_1_186' title='bbox 506 1999 553 2046; x_wconf 90' lang='lat' dir='ltr'>in</span> <span class='ocrx_word' id='word_1_187' title='bbox 587 1999 707 2048; x_wconf 88' lang='lat' dir='ltr'>festo</span> <span class='ocrx_word' id='word_1_188' title='bbox 735 2003 1093 2067; x_wconf 90' lang='lat' dir='ltr'>Assumpcionis</span> <span class='ocrx_word' id='word_1_189' title='bbox 1124 2005 1261 2051; x_wconf 91' lang='lat' dir='ltr'>Beate</span> <span class='ocrx_word' id='word_1_190' title='bbox 1296 2004 1449 2051; x_wconf 87' lang='lat' dir='ltr'>Marie</span> <span class='ocrx_word' id='word_1_191' title='bbox 1478 2005 1686 2070; x_wconf 87' lang='lat' dir='ltr'>Virginis</span> <span class='ocrx_word' id='word_1_192' title='bbox 1709 2005 1780 2070; x_wconf 81' lang='lat' dir='ltr'>ij5.</span> <span class='ocrx_word' id='word_1_193' title='bbox 1806 2004 1895 2069; x_wconf 85' lang='lat' dir='ltr'>vjd.</span> 
     </span>
     <span class='ocr_line' id='line_1_27' title="bbox 293 2064 1899 2135; baseline 0.004 -24"><span class='ocrx_word' id='word_1_194' title='bbox 293 2064 452 2130; x_wconf 86' lang='lat' dir='ltr'>legalis</span> <span class='ocrx_word' id='word_1_195' title='bbox 493 2079 678 2116; x_wconf 91' lang='lat' dir='ltr'>monete</span> <span class='ocrx_word' id='word_1_196' title='bbox 720 2069 926 2133; x_wconf 88' lang='lat' dir='ltr'>Anglie:</span> <span class='ocrx_word' id='word_1_197' title='bbox 973 2070 1038 2117; x_wconf 91' lang='lat' dir='ltr'>Et</span> <span class='ocrx_word' id='word_1_198' title='bbox 1079 2071 1113 2116; x_wconf 88' lang='lat' dir='ltr'>si</span> <span class='ocrx_word' id='word_1_199' title='bbox 1157 2071 1396 2135; x_wconf 88' lang='lat' dir='ltr'>contingat</span> <span class='ocrx_word' id='word_1_200' title='bbox 1437 2071 1617 2119; x_wconf 87' lang='lat' dir='ltr'>dictum</span> <span class='ocrx_word' id='word_1_201' title='bbox 1655 2071 1899 2118; x_wconf 88' lang='lat' dir='ltr'>annualem</span> 
     </span>
     <span class='ocr_line' id='line_1_28' title="bbox 293 2132 1899 2202; baseline 0.004 -24"><span class='ocrx_word' id='word_1_202' title='bbox 293 2132 531 2179; x_wconf 88' lang='lat' dir='ltr'>redditum</span> <span class='ocrx_word' id='word_1_203' title='bbox 567 2135 625 2181; x_wconf 92' lang='lat' dir='ltr'>de</span> <span class='ocrx_word' id='word_1_204' title='bbox 662 2135 730 2200; x_wconf 89' lang='lat' dir='ltr'>ijs.</span> <span class='ocrx_word' id='word_1_205' title='bbox 769 2137 858 2200; x_wconf 90' lang='lat' dir='ltr'>vjd.</span> <span class='ocrx_word' id='word_1_206' title='bbox 888 2154 912 2183; x_wconf 91' lang='lat' dir='ltr'>a</span> <span class='ocrx_word' id='word_1_207' title='bbox 936 2148 1062 2184; x_wconf 90' lang='lat' dir='ltr'>retro</span> <span class='ocrx_word' id='word_1_208' title='bbox 1086 2136 1186 2184; x_wconf 91' lang='lat' dir='ltr'>fore</span> <span class='ocrx_word' id='word_1_209' title='bbox 1211 2139 1332 2184; x_wconf 91' lang='lat' dir='ltr'>ultra</span> <span class='ocrx_word' id='word_1_210' title='bbox 1356 2139 1609 2185; x_wconf 89' lang='lat' dir='ltr'>terminum</span> <span class='ocrx_word' id='word_1_211' title='bbox 1636 2138 1899 2202; x_wconf 88' lang='lat' dir='ltr'>predictum</span> 
     </span>
     <span class='ocr_line' id='line_1_29' title="bbox 294 2200 1899 2268; baseline 0.004 -23"><span class='ocrx_word' id='word_1_212' title='bbox 294 2216 376 2262; x_wconf 91' lang='lat' dir='ltr'>per</span> <span class='ocrx_word' id='word_1_213' title='bbox 413 2200 526 2264; x_wconf 84' lang='lat' dir='ltr'>xiiij.</span> <span class='ocrx_word' id='word_1_214' title='bbox 566 2201 663 2248; x_wconf 92' lang='lat' dir='ltr'>dies</span> <span class='ocrx_word' id='word_1_215' title='bbox 701 2202 957 2250; x_wconf 89' lang='lat' dir='ltr'>insolutum</span> <span class='ocrx_word' id='word_1_216' title='bbox 996 2204 1042 2250; x_wconf 91' lang='lat' dir='ltr'>in</span> <span class='ocrx_word' id='word_1_217' title='bbox 1083 2217 1212 2268; x_wconf 91' lang='lat' dir='ltr'>parte</span> <span class='ocrx_word' id='word_1_218' title='bbox 1250 2206 1323 2252; x_wconf 89' lang='lat' dir='ltr'>vel</span> <span class='ocrx_word' id='word_1_219' title='bbox 1363 2205 1410 2251; x_wconf 90' lang='lat' dir='ltr'>in</span> <span class='ocrx_word' id='word_1_220' title='bbox 1436 2216 1556 2261; x_wconf 91' lang='lat' dir='ltr'>toto,</span> <span class='ocrx_word' id='word_1_221' title='bbox 1582 2217 1694 2252; x_wconf 89' lang='lat' dir='ltr'>tunc</span> <span class='ocrx_word' id='word_1_222' title='bbox 1719 2205 1899 2252; x_wconf 90' lang='lat' dir='ltr'>licitum</span> 
     </span>
     <span class='ocr_line' id='line_1_30' title="bbox 293 2266 1899 2336; baseline 0.004 -25"><span class='ocrx_word' id='word_1_223' title='bbox 293 2266 382 2312; x_wconf 93' lang='lat' dir='ltr'>erit</span> <span class='ocrx_word' id='word_1_224' title='bbox 409 2266 581 2331; x_wconf 89' lang='lat' dir='ltr'>Majori</span> <span class='ocrx_word' id='word_1_225' title='bbox 609 2269 688 2332; x_wconf 91' lang='lat' dir='ltr'>qui</span> <span class='ocrx_word' id='word_1_226' title='bbox 715 2281 828 2316; x_wconf 91' lang='lat' dir='ltr'>tunc</span> <span class='ocrx_word' id='word_1_227' title='bbox 854 2288 940 2333; x_wconf 92' lang='lat' dir='ltr'>pro</span> <span class='ocrx_word' id='word_1_228' title='bbox 965 2282 1176 2335; x_wconf 92' lang='lat' dir='ltr'>tempore</span> <span class='ocrx_word' id='word_1_229' title='bbox 1201 2271 1343 2318; x_wconf 88' lang='lat' dir='ltr'>fuerit</span> <span class='ocrx_word' id='word_1_230' title='bbox 1369 2272 1415 2318; x_wconf 90' lang='lat' dir='ltr'>in</span> <span class='ocrx_word' id='word_1_231' title='bbox 1443 2272 1698 2334; x_wconf 88' lang='lat' dir='ltr'>predictam</span> <span class='ocrx_word' id='word_1_232' title='bbox 1723 2273 1899 2336; x_wconf 88' lang='lat' dir='ltr'>peciam</span> 
     </span>
     <span class='ocr_line' id='line_1_31' title="bbox 292 2337 1899 2403; baseline 0.005 -25"><span class='ocrx_word' id='word_1_233' title='bbox 292 2343 414 2379; x_wconf 91' lang='lat' dir='ltr'>terre</span> <span class='ocrx_word' id='word_1_234' title='bbox 451 2350 556 2381; x_wconf 91' lang='lat' dir='ltr'>cum</span> <span class='ocrx_word' id='word_1_235' title='bbox 599 2337 910 2398; x_wconf 89' lang='lat' dir='ltr'>pertinenciis,</span> <span class='ocrx_word' id='word_1_236' title='bbox 953 2339 1009 2385; x_wconf 94' lang='lat' dir='ltr'>ad</span> <span class='ocrx_word' id='word_1_237' title='bbox 1051 2355 1456 2403; x_wconf 88' lang='lat' dir='ltr'>quorumcumque</span> <span class='ocrx_word' id='word_1_238' title='bbox 1490 2356 1652 2386; x_wconf 89' lang='lat' dir='ltr'>manus</span> <span class='ocrx_word' id='word_1_239' title='bbox 1675 2339 1899 2396; x_wconf 90' lang='lat' dir='ltr'>evenerit,</span> 
     </span>
     <span class='ocr_line' id='line_1_32' title="bbox 294 2399 1901 2468; baseline 0.004 -23"><span class='ocrx_word' id='word_1_240' title='bbox 294 2399 533 2458; x_wconf 89' lang='lat' dir='ltr'>reintrare,</span> <span class='ocrx_word' id='word_1_241' title='bbox 603 2413 649 2448; x_wconf 92' lang='lat' dir='ltr'>et</span> <span class='ocrx_word' id='word_1_242' title='bbox 708 2404 894 2467; x_wconf 83' lang='lat' dir='ltr'>pacifice</span> <span class='ocrx_word' id='word_1_243' title='bbox 953 2404 1187 2468; x_wconf 90' lang='lat' dir='ltr'>possidere</span> <span class='ocrx_word' id='word_1_244' title='bbox 1243 2405 1336 2452; x_wconf 90' lang='lat' dir='ltr'>Sibi</span> <span class='ocrx_word' id='word_1_245' title='bbox 1400 2406 1738 2453; x_wconf 89' lang='lat' dir='ltr'>successoribus</span> <span class='ocrx_word' id='word_1_246' title='bbox 1806 2405 1901 2452; x_wconf 88' lang='lat' dir='ltr'>suis</span> 
     </span>
     <span class='ocr_line' id='line_1_33' title="bbox 296 2466 1266 2535; baseline 0.007 -23"><span class='ocrx_word' id='word_1_247' title='bbox 296 2466 561 2531; x_wconf 89' lang='lat' dir='ltr'>Majoribus</span> <span class='ocrx_word' id='word_1_248' title='bbox 596 2469 719 2516; x_wconf 91' lang='lat' dir='ltr'>dicte</span> <span class='ocrx_word' id='word_1_249' title='bbox 757 2471 864 2518; x_wconf 90' lang='lat' dir='ltr'>ville</span> <span class='ocrx_word' id='word_1_250' title='bbox 901 2472 1266 2535; x_wconf 87' lang='lat' dir='ltr'>imperpetuum.</span> 
     </span>
    </p>

    <p class='ocr_par' dir='ltr' id='par_1_4' title="bbox 293 2534 1902 2735">
     <span class='ocr_line' id='line_1_34' title="bbox 396 2534 1901 2604; baseline 0.003 -24"><span class='ocrx_word' id='word_1_251' title='bbox 396 2534 448 2580; x_wconf 94' lang='lat' dir='ltr'>In</span> <span class='ocrx_word' id='word_1_252' title='bbox 502 2535 634 2600; x_wconf 90' lang='lat' dir='ltr'>cujus</span> <span class='ocrx_word' id='word_1_253' title='bbox 686 2537 748 2584; x_wconf 90' lang='lat' dir='ltr'>rei</span> <span class='ocrx_word' id='word_1_254' title='bbox 791 2539 1113 2586; x_wconf 89' lang='lat' dir='ltr'>testimonium</span> <span class='ocrx_word' id='word_1_255' title='bbox 1158 2550 1250 2586; x_wconf 88' lang='lat' dir='ltr'>tam</span> <span class='ocrx_word' id='word_1_256' title='bbox 1288 2539 1495 2604; x_wconf 87' lang='lat' dir='ltr'>sigillum</span> <span class='ocrx_word' id='word_1_257' title='bbox 1538 2555 1737 2586; x_wconf 89' lang='lat' dir='ltr'>comune</span> <span class='ocrx_word' id='word_1_258' title='bbox 1778 2538 1901 2586; x_wconf 87' lang='lat' dir='ltr'>dicte</span> 
     </span>
     <span class='ocr_line' id='line_1_35' title="bbox 293 2600 1902 2669; baseline 0.004 -23"><span class='ocrx_word' id='word_1_259' title='bbox 293 2600 402 2647; x_wconf 88' lang='lat' dir='ltr'>ville</span> <span class='ocrx_word' id='word_1_260' title='bbox 437 2618 575 2665; x_wconf 91' lang='lat' dir='ltr'>quam</span> <span class='ocrx_word' id='word_1_261' title='bbox 611 2603 816 2668; x_wconf 89' lang='lat' dir='ltr'>sigillum</span> <span class='ocrx_word' id='word_1_262' title='bbox 854 2606 1047 2669; x_wconf 88' lang='lat' dir='ltr'>predicti</span> <span class='ocrx_word' id='word_1_263' title='bbox 1083 2607 1270 2653; x_wconf 89' lang='lat' dir='ltr'>Thome</span> <span class='ocrx_word' id='word_1_264' title='bbox 1296 2606 1518 2654; x_wconf 89' lang='lat' dir='ltr'>Wattson</span> <span class='ocrx_word' id='word_1_265' title='bbox 1546 2606 1615 2653; x_wconf 90' lang='lat' dir='ltr'>his</span> <span class='ocrx_word' id='word_1_266' title='bbox 1639 2605 1902 2653; x_wconf 87' lang='lat' dir='ltr'>indenturis</span> 
     </span>
     <span class='ocr_line' id='line_1_36' title="bbox 293 2666 945 2735; baseline 0.009 -22"><span class='ocrx_word' id='word_1_267' title='bbox 293 2666 554 2716; x_wconf 89' lang='lat' dir='ltr'>alternatim</span> <span class='ocrx_word' id='word_1_268' title='bbox 591 2682 698 2718; x_wconf 90' lang='lat' dir='ltr'>sunt</span> <span class='ocrx_word' id='word_1_269' title='bbox 734 2689 945 2735; x_wconf 90' lang='lat' dir='ltr'>appensa.</span> 
     </span>
    </p>

    <p class='ocr_par' dir='ltr' id='par_1_5' title="bbox 295 2736 1899 2871">
     <span class='ocr_line' id='line_1_37' title="bbox 396 2736 1899 2804; baseline 0.003 -23"><span class='ocrx_word' id='word_1_270' title='bbox 396 2736 571 2782; x_wconf 89' lang='lat' dir='ltr'>Datum</span> <span class='ocrx_word' id='word_1_271' title='bbox 613 2739 734 2800; x_wconf 87' lang='lat' dir='ltr'>apud</span> <span class='ocrx_word' id='word_1_272' title='bbox 779 2740 947 2785; x_wconf 88' lang='lat' dir='ltr'>Dovor</span> <span class='ocrx_word' id='word_1_273' title='bbox 985 2739 1239 2802; x_wconf 86' lang='lat' dir='ltr'>predictam</span> <span class='ocrx_word' id='word_1_274' title='bbox 1290 2751 1460 2804; x_wconf 90' lang='lat' dir='ltr'>quarto</span> <span class='ocrx_word' id='word_1_275' title='bbox 1500 2740 1576 2786; x_wconf 92' lang='lat' dir='ltr'>die</span> <span class='ocrx_word' id='word_1_276' title='bbox 1616 2738 1899 2803; x_wconf 88' lang='lat' dir='ltr'>Septembris</span> 
     </span>
     <span class='ocr_line' id='line_1_38' title="bbox 295 2804 1898 2871; baseline 0.004 -26"><span class='ocrx_word' id='word_1_277' title='bbox 295 2817 416 2847; x_wconf 87' lang='lat' dir='ltr'>anno</span> <span class='ocrx_word' id='word_1_278' title='bbox 471 2804 600 2867; x_wconf 86' lang='lat' dir='ltr'>regni</span> <span class='ocrx_word' id='word_1_279' title='bbox 657 2805 845 2853; x_wconf 90' lang='lat' dir='ltr'>domine</span> <span class='ocrx_word' id='word_1_280' title='bbox 903 2817 1059 2853; x_wconf 87' lang='lat' dir='ltr'>nostre</span> <span class='ocrx_word' id='word_1_281' title='bbox 1117 2807 1358 2853; x_wconf 82' lang='lat' dir='ltr'>Elizabete</span> <span class='ocrx_word' id='word_1_282' title='bbox 1404 2807 1477 2853; x_wconf 87' lang='lat' dir='ltr'>dei</span> <span class='ocrx_word' id='word_1_283' title='bbox 1519 2806 1667 2871; x_wconf 81' lang='lat' dir='ltr'>gratia</span> <span class='ocrx_word' id='word_1_284' title='bbox 1710 2804 1898 2870; x_wconf 84' lang='lat' dir='ltr'>Anglie,</span> 
     </span>
    </p>
   </div>
   <div class='ocr_carea' id='block_1_4' title="bbox 296 2866 1898 2999">
    <p class='ocr_par' dir='ltr' id='par_1_6' title="bbox 296 2866 1898 2999">
     <span class='ocr_line' id='line_1_39' title="bbox 297 2866 1898 2938; baseline 0.003 -26"><span class='ocrx_word' id='word_1_285' title='bbox 297 2866 498 2924; x_wconf 83' lang='lat' dir='ltr'>ffrancie‚</span> <span class='ocrx_word' id='word_1_286' title='bbox 535 2882 581 2916; x_wconf 91' lang='lat' dir='ltr'>et</span> <span class='ocrx_word' id='word_1_287' title='bbox 619 2871 851 2919; x_wconf 84' lang='lat' dir='ltr'>Hibernie</span> <span class='ocrx_word' id='word_1_288' title='bbox 891 2874 1080 2938; x_wconf 81' lang='lat' dir='ltr'>Regine,</span> <span class='ocrx_word' id='word_1_289' title='bbox 1116 2873 1220 2921; x_wconf 80' lang='lat' dir='ltr'>fidei</span> <span class='ocrx_word' id='word_1_290' title='bbox 1254 2872 1527 2926; x_wconf 50' lang='lat' dir='ltr'>defensoria</span> <span class='ocrx_word' id='word_1_291' title='bbox 1553 2885 1657 2930; x_wconf 88' lang='lat' dir='ltr'>etc.,</span> <span class='ocrx_word' id='word_1_292' title='bbox 1683 2872 1898 2935; x_wconf 83' lang='lat' dir='ltr'>septimo.</span> 
     </span>
     <span class='ocr_line' id='line_1_40' title="bbox 296 2935 629 2999; baseline 0.012 -20"><span class='ocrx_word' id='word_1_293' title='bbox 296 2935 439 2981; x_wconf 79' lang='lat' dir='ltr'>Anno</span> <span class='ocrx_word' id='word_1_294' title='bbox 493 2938 629 2999; x_wconf 81' lang='lat'>1565.</span> 
     </span>
    </p>
   </div>
   <div class='ocr_carea' id='block_1_5' title="bbox 297 3065 403 3130">
    <p class='ocr_par' dir='ltr' id='par_1_7' title="bbox 297 3065 403 3130">
     <span class='ocr_line' id='line_1_41' title="bbox 297 3065 403 3130; baseline 0 -2"><span class='ocrx_word' id='word_1_295' title='bbox 297 3065 403 3130; x_wconf 79' lang='lat'><strong>[64]</strong></span> 
     </span>
    </p>
   </div>
   <div class='ocr_carea' id='block_1_6' title="bbox 2029 0 2181 2959">
    <p class='ocr_par' dir='ltr' id='par_1_8' title="bbox 2029 0 2181 2959">
     <span class='ocr_line' id='line_1_42' title="bbox 2029 0 2181 2959; baseline 0 0"><span class='ocrx_word' id='word_1_296' title='bbox 2029 0 2181 2959; x_wconf 95' lang='lat' dir='ltr'> </span> 
     </span>
    </p>
   </div>
  </div>
 </body>
</html>
