2192 3342
450 223 535 279 148
923 218 1161 265 DOVER
1202 217 1572 264 CHARTERS

1111 419 1168 468 X
1192 419 1238 468 L
1261 419 1282 468 1
1307 418 1378 468 X.

908 535 951 586 iij
983 535 1212 585 januarii,
1242 542 1268 586 5
1300 534 1420 576 Hen.
1457 533 1533 574 IV.

439 636 632 682 SelANT
685 647 919 699 presentes
975 647 1021 683 et
1080 635 1226 683 futuri
1274 636 1401 701 quod
1444 653 1546 700 ego,
1604 636 1842 697 Johannes
1890 635 2050 690 Wille,

441 703 684 761 corveiser,
710 703 816 750 dedi
843 703 1062 760 concessi,
1086 715 1132 750 et
1159 704 1239 750 hac
1276 703 1476 768 presenti
1504 714 1626 750 carta
1655 720 1756 750 mea
1780 702 2050 750 confirmavi

442 771 629 816 Thome
668 781 739 816 ate
778 770 994 817 Crouche
1026 771 1084 817 de
1121 771 1342 818 Dovorra
1386 787 1533 817 unum
1583 781 1905 817 tenementum
1943 786 2048 816 cum

441 837 535 882 suis
561 837 857 900 pertinenciis
880 838 1105 884 situatum
1132 837 1253 884 infra
1278 838 1540 885 libertatem
1563 838 1734 884 Portus
1760 838 1978 884 Dovorre
2004 836 2050 882 in

443 904 901 962 Halvendenwarde,
926 904 1115 961 scilicet,
1142 905 1261 952 inter
1286 905 1459 970 regiam
1485 916 1674 952 stratam
1701 921 1860 951 versus
1885 904 2052 951 south-

440 982 548 1027 east,
575 983 619 1018 et
656 972 892 1037 quandam
930 988 1229 1019 communem
1265 972 1493 1019 venellam
1532 989 1691 1019 versus
1727 972 1979 1027 northeast‚
2005 982 2050 1018 et

441 1050 761 1086 tenementum
787 1038 1014 1086 Willelmi
1037 1039 1215 1087 Knotte
1241 1057 1403 1086 versus
1427 1040 1682 1086 southwest
1707 1052 1752 1086 et
1780 1039 2050 1094 northwest,

441 1107 571 1170 quod
614 1106 806 1170 quidem
865 1117 1182 1153 tenementum
1243 1124 1391 1171 nuper
1437 1107 1667 1170 adquisivi
1716 1107 1773 1153 de
1835 1106 2050 1167 Johanne

442 1173 615 1235 Beneyt
669 1184 714 1220 et
762 1173 949 1220 Thoma
996 1173 1224 1230 Coumbe,
1267 1174 1456 1230 clericis,
1501 1174 1716 1220 Henrico
1759 1174 1953 1220 Petham
2006 1184 2051 1219 et

439 1240 652 1301 Johanne
685 1241 915 1287 Petham:
968 1240 1163 1288 habend’
1201 1252 1247 1288 et
1283 1241 1469 1288 tenend’
1508 1241 1689 1287 dictum
1732 1251 2050 1287 tenementum

440 1324 548 1354 cum
584 1307 801 1354 omnibus
835 1308 930 1355 suis
955 1308 1249 1372 pertinenciis
1285 1307 1469 1372 prefato
1505 1308 1692 1354 Thome
1726 1320 1796 1354 ate
1834 1308 2051 1355 Crouche

440 1375 688 1422 heredibus
734 1386 780 1421 et
826 1375 923 1422 suis
964 1376 1203 1440 assignatis
1244 1375 1626 1438 imperpetuum.
1691 1374 1901 1422 ffaciend’
1944 1375 2051 1422 inde

439 1442 686 1489 servicium
722 1442 902 1489 domini
940 1442 1061 1506 regis
1096 1460 1202 1489 cum
1250 1443 1466 1490 acciderit
1502 1442 1762 1489 secundum
1801 1454 2052 1489 consuetu-

439 1509 596 1556 dinem
618 1520 780 1572 portus
798 1509 1009 1573 predicti,
1031 1527 1079 1556 ac
1104 1510 1248 1556 eciam
1268 1509 1541 1573 capitalibus
1559 1509 1762 1556 dominis
1781 1509 1906 1556 feodi
1927 1509 2051 1556 illius

439 1576 629 1623 servicia
665 1576 772 1623 inde
807 1576 963 1623 debita
997 1589 1042 1623 et
1071 1576 1128 1623 de
1157 1576 1265 1641 jure
1301 1588 1557 1624 consueta:
1598 1577 1661 1624 Et
1697 1594 1785 1642 ego
1815 1577 2051 1640 predictus

438 1644 673 1704 Johannes
715 1643 860 1690 Wille
905 1654 951 1690 et
994 1643 1183 1692 heredes
1225 1644 1313 1690 mei
1354 1644 1534 1692 dictum
1579 1655 1899 1691 tenementum
1941 1661 2050 1691 cum

439 1710 660 1757 omnibus
704 1711 798 1758 suis
856 1711 1152 1774 pertinenciis
1200 1711 1411 1775 predicto
1459 1712 1646 1758 Thome
1705 1723 1776 1758 ate
1835 1711 2049 1758 Crouche

440 1778 685 1826 heredibus
725 1789 771 1824 et
812 1778 908 1825 suis
954 1779 1196 1843 assignatis
1231 1790 1391 1826 contra
1432 1796 1595 1826 omnes
1632 1791 1794 1843 gentes
1836 1779 2051 1825 waranti-

439 1845 651 1892 zabimus
671 1845 1033 1908 imperpetuum.

539 1913 591 1958 In
618 1912 748 1976 cujus
773 1912 835 1958 rei
864 1912 1188 1960 testimonium
1214 1912 1322 1959 huic
1349 1914 1548 1976 presenti
1571 1924 1691 1960 carte
1718 1930 1817 1960 mee
1842 1913 2048 1978 sigillum

440 1996 598 2026 meum
623 1996 830 2043 apposui.

540 2048 663 2093 Data
710 2047 931 2093 Dovorra
978 2047 1122 2093 tercio
1168 2047 1243 2093 die
1300 2047 1506 2108 Januarii
1555 2065 1678 2094 anno
1726 2048 1854 2113 regni
1906 2047 2050 2112 Regis

442 2113 641 2160 Henrici
667 2114 818 2177 quarti
846 2125 951 2177 post
976 2125 1284 2178 conquestum
1312 2114 1483 2179 Anglie
1508 2114 1688 2179 quinto.

543 2181 656 2228 Hiis
692 2180 885 2227 testibus
911 2200 919 2227 ;
958 2181 1169 2241 Johanne
1198 2181 1401 2244 Monyn,
1429 2193 1541 2228 tunc
1581 2181 1764 2247 Majore
1791 2182 2009 2229 Dovorre
2035 2198 2046 2237 ;

438 2248 651 2309 Johanne
687 2248 914 2306 Alkham,
950 2259 1186 2295 attornato
1235 2248 1431 2304 Ballivi;
1500 2248 1713 2310 Johanne
1762 2249 2046 2303 Evebroke;

438 2316 626 2362 Thoma
684 2315 813 2362 Lord
840 2332 851 2371 ;
922 2315 1110 2362 Thoma
1168 2315 1337 2362 Clerke
1364 2332 1375 2371 ;
1448 2316 1690 2363 Willelmo
1750 2316 2009 2364 Hanecoke
2035 2332 2047 2372 ;

441 2382 644 2429 Ricardo
668 2383 897 2430 Sedenore
924 2399 935 2439 ;
973 2394 1018 2430 et
1043 2383 1155 2429 aliis.

443 2855 638 2918 [187-3]
