2192 3342
442 275 457 306 1
476 262 530 308 18
914 259 1146 307 DOVER
1183 258 1550 307 CHARTERS

432 408 480 438 se
518 392 592 438 vel
634 409 715 456 per
750 403 1038 439 attornatum
1078 409 1219 439 suum
1259 391 1511 456 predictam
1554 393 1756 455 placeam
1798 408 1904 438 cum
1939 408 2044 455 per-

433 459 646 506 tinenciis
685 458 780 505 suis
819 470 865 506 et
904 469 1061 506 totum
1105 459 1393 523 mesuagium
1433 458 1628 533 predicti
1679 458 1862 506 Ricardi
1908 458 2045 523 Petyt

434 526 563 590 quod
626 525 764 573 habet
821 526 972 572 eidem
1019 525 1174 589 placee
1231 542 1481 582 annexum,
1530 526 1576 572 in
1632 541 2045 590 quorumcumque

436 609 602 640 manus
660 593 707 639 in
767 603 1008 656 posterum
1057 593 1346 651 devenerint,
1394 593 1565 640 intrare
1622 592 1900 658 distringere
1949 592 2046 639 dis-

435 660 680 707 tricciones
713 659 940 707 abducere
975 670 1021 706 et
1047 677 1198 735 penes
1232 677 1278 706 se
1302 660 1510 707 detinere
1544 676 1791 724 quousque
1826 659 1884 706 de
1918 659 2047 706 dicto

435 727 622 775 redditu
646 738 692 774 et
724 726 823 791 ejus
858 727 1102 791 arreragiis
1137 727 1338 791 plenarie
1374 726 1518 775 fuerit
1549 725 1868 774 satisfactum:
1906 737 1953 773 et
1987 726 2046 774 ad

437 795 525 842 hoc
571 792 764 841 faciend’
811 794 1050 857 predictus
1109 795 1337 842 Ricardus
1385 794 1525 858 Petyt
1571 795 1607 840 si
1666 793 1809 841 fuerit
1867 810 2047 841 necesse

436 861 651 909 concedit
698 878 785 924 pro
831 877 878 907 se
924 860 1172 908 heredibus
1217 873 1264 908 et
1304 862 1544 927 assignatis
1590 861 1684 908 suis
1730 878 1813 926 per
1859 877 2047 924 presens

436 929 667 991 scriptum
726 928 1062 1003 prenominatis
1117 928 1293 976 Abbati
1351 940 1396 976 et
1455 929 1721 976 Conventui
1780 939 1826 976 et
1882 944 2046 975 eorum

438 994 779 1042 successoribus
814 1012 865 1042 ac
900 995 1044 1042 eciam
1072 1012 1234 1042 eorum
1270 1007 1507 1043 attornato
1542 1007 1637 1043 tam
1674 996 1722 1042 in
1758 996 2048 1060 mesuagium

438 1078 576 1109 suum
634 1062 924 1109 antedictum
974 1079 1114 1127 quarn
1168 1063 1214 1110 in
1273 1064 1527 1127 predictam
1586 1063 1788 1127 placeam
1847 1062 2048 1109 liberum

438 1130 697 1194 ingressum
732 1140 778 1175 et
813 1146 1084 1194 egressum:
1122 1141 1168 1177 et
1194 1131 1390 1194 predicti
1427 1130 1587 1177 Abbas
1622 1142 1667 1177 et
1694 1130 1969 1177 Conventus
2003 1141 2049 1176 et

439 1212 722 1243 successores
746 1196 816 1242 sui
841 1208 989 1243 totam
1015 1197 1271 1260 predictam
1308 1199 1511 1262 placeam
1538 1210 1659 1245 terre
1686 1214 1792 1244 cum
1828 1197 2049 1244 omnibus

438 1263 734 1326 pertinenciis
775 1264 868 1310 suis
915 1263 1095 1327 prefato
1137 1265 1340 1311 Ricardo
1381 1265 1521 1328 Petyt
1568 1277 1613 1311 et
1658 1265 1872 1325 Johanne
1914 1264 2048 1311 uxori

438 1347 518 1377 sue
543 1329 789 1378 heredibus
812 1342 858 1378 et
883 1332 1123 1395 assignatis
1142 1332 1288 1396 ipsius
1314 1332 1500 1379 Ricardi
1525 1343 1685 1379 contra
1703 1348 1865 1378 omnes
1888 1344 2052 1397 gentes

436 1397 866 1445 warrantizabunt
858 1410 1221 1474 1mperpetuum.

540 1465 594 1511 In
618 1481 824 1529 quorum
849 1466 1062 1512 omnium
1087 1466 1410 1514 testimonium
1435 1476 1481 1512 et
1505 1466 1646 1512 fidem
1672 1466 1780 1512 huic
1803 1466 1979 1530 scripto
2003 1466 2050 1512 in

439 1533 635 1579 modum
661 1533 939 1596 cyrographi
965 1532 1181 1580 confecto
1205 1545 1360 1597 partes
1384 1533 1589 1596 predicte
1614 1533 1878 1580 alternatim
1903 1533 2053 1598 sigilla

438 1616 521 1646 sua
567 1611 902 1662 apposuerunt,
945 1600 1078 1665 cujus
1119 1618 1211 1647 una
1252 1617 1355 1664 pars
1392 1600 1571 1664 signata
1617 1600 1772 1665 sigillo
1809 1601 2050 1647 communi

436 1667 673 1713 dictorum
708 1665 909 1713 Abbatis
949 1678 995 1713 et
1032 1667 1309 1715 Conventus
1340 1668 1503 1714 Sancte
1541 1668 1844 1732 Radegundis
1883 1668 2052 1715 residet

440 1750 578 1796 penes
602 1732 838 1797 prefatum
865 1734 1123 1781 Ricardum
1149 1735 1290 1798 Petyt
1313 1746 1359 1782 et
1381 1735 1645 1795 Johannam
1684 1751 1878 1781 uxorem
1903 1752 2048 1791 suam,

441 1800 583 1847 altera
620 1817 730 1847 vero
766 1813 896 1864 parte
932 1802 1111 1866 signata
1146 1802 1302 1866 sigillo
1337 1803 1484 1866 ipsius
1510 1802 1694 1850 Ricardi
1731 1802 1875 1866 Petyt
1911 1819 2050 1866 penes

441 1869 629 1914 eosdem
656 1867 891 1914 Abbatem
917 1880 961 1915 et
989 1869 1291 1916 Conventum
1316 1869 1557 1918 residente.

542 1936 664 1982 Data
687 1952 785 1999 quo
809 1936 866 1982 ad
891 1935 1125 1998 prefatum
1164 1936 1419 1983 Ricardum
1444 1938 1569 2000 apud
1603 1938 1870 1984 Dovorram
1897 1937 2053 2001 primo

440 2001 515 2048 die
553 2002 720 2048 mensis
746 2002 881 2049 Maii.
916 2004 1062 2049 Anno
1094 2003 1224 2068 regni
1264 2004 1402 2068 Regis
1433 2004 1620 2051 Ricardi
1651 2005 1841 2052 secundi
1878 2004 2052 2069 Anglie

442 2068 808 2133 quintodecimo.

543 2135 656 2182 Hiis
681 2136 888 2192 testibus,
914 2136 1127 2200 Johanne
1152 2148 1246 2184 atte
1273 2137 1431 2195 Halle,
1453 2149 1567 2185 tunc
1595 2139 1780 2204 Majore
1802 2155 1814 2195 ;
1838 2139 2052 2199 Johanne

442 2202 636 2260 Gerold,
666 2203 846 2250 Ballivo
871 2219 882 2259 ;
923 2203 1122 2250 Ricardo
1147 2204 1330 2251 Arnold
1358 2223 1369 2262 ;
1405 2205 1616 2266 Johanne
1643 2206 1771 2253 Lord
1799 2222 1810 2262 ;
1851 2206 2052 2253 Ricardo

446 2269 671 2326 Plomer3
723 2270 965 2316 Willelmo
1001 2271 1279 2335 Engeland;
1338 2272 1550 2332 Johanne
1588 2274 1795 2336 Bordyu,
1843 2273 2049 2336 pistore;

440 2337 653 2397 Johanne
678 2337 805 2384 Lade
832 2354 842 2393 ;
883 2337 1090 2385 Roberto
1119 2338 1254 2401 Wyt,
1279 2350 1323 2385 et
1349 2339 1448 2385 aliis
1473 2340 1647 2388 multis,

446 2851 588 2916 [¹34]
