2181 3155
365 212 458 273 236
844 207 1082 255 DOVER
1120 206 1491 254 CHARTERS

1003 338 1049 388 L
1066 338 1123 387 X
1142 338 1199 388 X
1216 337 1268 387 V
1287 337 1326 387 1.

860 467 965 494 xxx
1001 452 1131 503 Maii,
1163 452 1191 495 6
1227 452 1359 494 Edw.
1396 453 1471 494 IV.

362 561 556 608 SCIANT
583 570 815 622 presentes
856 567 901 602 et
940 555 1086 602 futuri
1113 556 1242 619 quod
1268 554 1478 601 Thomas
1510 555 1652 610 Gore,
1681 554 1838 619 Major
1862 553 1972 600 ville

364 630 594 684 Dovorre,
620 637 665 672 et
689 625 898 690 ejusdem
924 623 1031 669 ville
1054 623 1223 684 Jurati,
1256 622 1314 668 de
1353 638 1583 669 concensu
1620 633 1665 668 et
1705 638 1791 684 pro
1827 621 1973 668 Com-

363 695 491 741 muni
540 692 741 740 utilitate
788 691 936 738 tocius
981 690 1350 737 Communitatis
1395 700 1719 736 concesserunt
1769 700 1830 747 et,
1890 688 1972 734 hac

362 761 563 826 presenti
589 772 713 806 carta
736 759 989 814 indentata,
1015 758 1070 804 ad
1097 757 1222 804 feodi
1257 757 1437 803 firmam
1467 756 1745 803 dimiserunt
1769 755 1970 817 Johanni

366 829 588 884 Hancok,
625 828 683 874 de
719 828 953 882 Dovorra,
990 841 1130 871 unam
1167 835 1335 872 terram
1374 841 1565 870 vacuam
1592 823 1826 888 jacentem
1852 821 1972 869 infra

361 896 621 943 libertatem
677 893 849 940 Portus
901 893 1132 950 Dovorre,
1182 892 1229 938 in
1280 891 1651 955 horspolewarde
1688 891 1808 937 inter
1844 901 1973 936 tene-

363 974 573 1010 mentum
599 960 840 1024 hospitalis
863 959 1016 1006 Sancti
1043 959 1360 1006 Bartholomei
1388 975 1547 1005 versus
1570 969 1680 1014 east,
1705 968 1751 1004 et
1781 957 1971 1021 Regiam

362 1041 554 1078 stratam
578 1045 740 1076 versus
765 1027 1034 1083 northwest,
1073 1037 1118 1073 et
1143 1027 1200 1073 ad
1226 1043 1418 1072 vacuam
1444 1038 1618 1073 terram
1650 1042 1798 1088 nuper
1835 1024 1974 1071 Hen—

364 1099 445 1145 rici
484 1098 702 1160 Sextayn,
740 1095 798 1142 de
837 1096 1068 1151 Dovorra,
1108 1110 1267 1140 versus
1304 1093 1557 1148 southeast,
1583 1104 1628 1139 et
1664 1093 1719 1138 ad
1748 1091 1973 1139 venellam

363 1166 614 1213 ducentem
639 1181 663 1209 a
687 1172 955 1210 tenemento
981 1161 1180 1208 Henrici
1206 1160 1393 1208 Sextain
1420 1177 1564 1224 usque
1583 1160 1639 1206 ad
1666 1176 1789 1206 mare
1815 1175 1975 1205 versus

365 1233 648 1280 southwest:
699 1229 897 1277 habend'
934 1239 980 1275 et
1016 1228 1202 1275 tenend'
1241 1228 1497 1292 predictam
1534 1239 1705 1273 terram
1740 1243 1845 1272 cum
1882 1226 1977 1273 suis

366 1298 665 1364 pertinenciis
688 1297 869 1361 prefato
891 1296 1091 1357 Johanni
1120 1295 1339 1351 Hancok,
1368 1294 1616 1342 heredibus
1651 1306 1696 1341 et
1732 1293 1975 1357 assignatis

366 1368 460 1414 suis
501 1368 881 1430 imperpetuum:
938 1362 1150 1409 ffaciend’
1194 1363 1301 1409 inde
1342 1363 1589 1408 servicium
1632 1360 1810 1407 domini
1855 1360 1976 1425 regis

365 1434 556 1499 quando
591 1432 799 1479 evenerit
836 1430 1092 1477 secundum
1131 1429 1515 1476 consuetudinem
1556 1439 1720 1492 portus
1745 1428 1975 1491 predicti;

364 1514 410 1549 et
470 1500 693 1548 reddend‘
753 1498 861 1544 inde
913 1497 1152 1544 annuatim
1206 1497 1413 1560 predicte
1469 1495 1812 1543 Communitati
1867 1495 1974 1542 ville

368 1571 585 1616 Dovorre
609 1567 666 1614 ad
692 1566 879 1613 ffestum
909 1564 1183 1612 Nativitatis
1207 1564 1359 1610 Sancti
1393 1563 1620 1625 Johannis
1656 1562 1863 1625 Baptiste
1898 1579 1977 1609 sex

368 1635 582 1684 denarios
605 1634 938 1697 sterlingorum
963 1631 1170 1678 annualis
1194 1632 1407 1678 redditus
1430 1649 1437 1677 :
1477 1641 1522 1677 et
1548 1630 1649 1677 vult
1682 1641 1728 1676 et
1765 1630 1975 1677 concedit

369 1704 606 1767 predictus
640 1701 875 1762 Johannes
911 1699 1118 1746 Hancok
1155 1715 1240 1762 pro
1275 1715 1321 1745 se
1356 1709 1402 1744 et
1438 1697 1685 1744 heredibus
1720 1697 1813 1743 suis
1847 1697 1976 1761 quod

368 1772 483 1818 bene
508 1771 639 1816 liceat
683 1768 857 1832 Majori
890 1777 936 1813 et
970 1766 1146 1827 Juratis
1181 1766 1291 1812 ville
1327 1765 1534 1828 predicte
1570 1764 1856 1829 quicumque
1893 1781 1978 1828 pro

369 1852 579 1902 tempore
621 1835 796 1882 fuerint
838 1846 883 1881 et
925 1850 1088 1881 eorum
1129 1832 1376 1880 attornatis
1417 1849 1503 1895 pro
1544 1832 1755 1895 predicto
1793 1831 1976 1878 annuali

370 1905 557 1953 redditu
596 1902 841 1967 quosciens
877 1912 1029 1947 aretro
1067 1899 1208 1947 fuerit
1247 1900 1293 1946 in
1333 1900 1540 1963 predicta
1579 1910 1700 1946 terra
1737 1915 1841 1945 cum
1884 1899 1978 1945 suis

371 1970 666 2037 pertinenciis
689 1969 981 2032 distringere,
1006 1979 1051 2014 et
1082 1967 1398 2014 districciones
1434 1967 1661 2013 abducere
1696 1978 1742 2012 et
1780 1967 1976 2013 retinere

370 2055 614 2104 quousque
638 2038 695 2084 de
721 2036 931 2100 predicto
955 2034 1158 2092 redditu,
1184 2045 1229 2081 et
1256 2035 1313 2081 de
1339 2034 1555 2080 omnibus
1579 2033 1820 2097 arreragiis
1855 2034 1977 2099 ejus-

371 2109 493 2164 dem,
519 2106 603 2152 sibi
631 2103 775 2150 fuerit
801 2102 1000 2166 plenarie
1024 2100 1308 2148 satisfactum
1335 2120 1341 2147 :
1381 2112 1426 2147 et
1463 2100 1700 2163 predictus
1739 2101 1896 2165 Major
1931 2113 1975 2147 et

370 2174 520 2236 Jurati
563 2184 608 2219 et
650 2186 930 2217 successores
970 2168 1038 2214 sui
1081 2169 1268 2215 nomine
1307 2168 1429 2214 dicte
1469 2167 1836 2214 Communitatis
1875 2185 1978 2232 pre-

371 2243 543 2290 dictam
603 2250 773 2285 terram
833 2254 938 2282 cum
998 2236 1092 2282 suis
1158 2235 1454 2299 pertinenciis
1526 2233 1706 2298 prefato
1776 2236 1975 2295 johanni

375 2308 599 2364 Hancok,
638 2304 886 2351 heredibus
923 2314 969 2350 et
1006 2303 1246 2367 assignatis
1283 2303 1392 2359 suis,
1432 2313 1594 2348 contra
1635 2318 1796 2348 omnes
1819 2313 1980 2366 gentes

373 2373 742 2423 warantizabunt
779 2372 1140 2434 imperpetuum.

478 2443 529 2488 ln
555 2441 685 2505 cujus
711 2439 773 2485 rei
800 2438 1121 2484 testimonium
1149 2437 1347 2500 presenti
1375 2447 1495 2482 carte
1515 2435 1752 2482 indentate
1771 2436 1977 2501 sigillum

375 2509 511 2557 officii
542 2507 804 2572 Majoratus
829 2505 936 2552 ville
963 2506 1176 2550 Dovorre
1203 2503 1489 2567 presentibus
1513 2514 1579 2549 est
1606 2520 1875 2566 appensum.

478 2578 597 2622 Data
632 2574 754 2638 apud
792 2574 1058 2618 Dovorram
1097 2571 1358 2634 penultimo
1394 2570 1467 2616 die
1506 2570 1674 2616 mensis
1716 2571 1831 2617 Maii
1858 2587 1978 2617 anno

377 2644 505 2708 regni
538 2641 675 2705 Regis
699 2639 935 2695 Edwardi‚
962 2639 1112 2702 quarti
1143 2649 1244 2700 post
1271 2648 1575 2700 conquestum
1608 2637 1795 2700 Anglie‚
1832 2649 1973 2684 sexto.

483 2712 533 2757 ln
580 2711 731 2755 dorso:
802 2706 1187 2769 Horspolwarde,
1235 2705 1470 2765 johannes
1523 2704 1763 2759 Hancok;
1836 2706 1979 2752 modo

379 2777 646 2824 Willelmus
687 2774 853 2831 ffoche,
897 2773 1040 2819 modo
1088 2772 1319 2818 Robertus
1368 2773 1562 2833 Kocyer,
1617 2771 1761 2818 modo
1814 2772 1980 2819 Petrus

380 2844 552 2901 Darell,
592 2843 734 2889 modo
771 2842 817 2888 in
857 2840 1068 2887 manibus
1103 2839 1330 2900 Johannis
1366 2839 1423 2885 de
1462 2838 1632 2884 Wode.

383 2912 493 2977 [39]
