2192 3342
410 221 469 267 66
855 217 1093 266 DOVER
1131 216 1499 266 CHARTERS

1140 352 1376 412 Johannes
1399 351 1457 398 de
1483 349 1764 405 Brokedale,
1793 349 1966 414 Major,

1140 419 1374 479 Johannes
1400 415 1631 474 Hanfeld,
1657 417 1876 473 Ballivus,

1139 485 1375 546 Johannes
1399 484 1675 538 Drailonde,

1139 553 1376 613 Johannes
1400 551 1598 606 GeddeS,

1139 620 1377 681 Johannes
1402 618 1644 682 Hegham,

1140 687 1351 733 Thomas
1376 685 1676 750 Goldsmyth,

1141 753 1399 800 Nicholaus
1425 753 1603 816 Dayth,

1139 821 1374 881 Johannes
1401 820 1766 866 Holmanstone.

540 591 614 638 De
640 589 942 636 ffaveresham

1204 1021 1432 1084 Johannis
1470 1020 1645 1069 Parker
1691 1021 1891 1086 Majoris
1930 1038 2011 1084 per

1206 1090 1408 1136 litteram
1421 1105 1511 1153 que
1529 1099 1724 1134 testatur
1740 1089 1866 1152 quod
1885 1089 2010 1136 idem

1204 1157 1443 1218 Johannes
1478 1166 1545 1202 est
1583 1171 1705 1219 aeger
1746 1168 1791 1202 et
1836 1156 2007 1220 nequid

1207 1223 1429 1280 laborare,

1143 1291 1367 1337 Ricardus
1385 1291 1442 1338 de
1462 1290 1769 1346 Oxendenne,
1789 1290 2009 1346 Ballivus,

1141 1356 1386 1405 Galfridus
1411 1357 1606 1415 Gerold,

1140 1425 1377 1487 Johannes
1403 1424 1595 1470 Bakere.

1084 953 1399 1209 *Nicholaus
1480 953 1671 1009 Catour,
1748 965 2011 1001 attornatus

538 1193 608 1239 De
633 1191 878 1239 ffordwico
1025 1228 1033 1236 .
1072 1211 1104 1482 1

502 1654 567 1701 Et
592 1654 702 1719 quia
726 1669 888 1700 omnes
910 1651 1133 1716 MajoreS,
1152 1649 1316 1696 Ballivi
1342 1659 1386 1695 et
1404 1648 1620 1703 BaroneS,
1638 1646 1810 1712 quibus
1826 1663 2012 1712 precep-

400 1734 505 1770 tum
531 1721 620 1768 fuit
645 1738 725 1785 per
744 1719 960 1767 mandata
978 1735 1140 1766 eorum
1168 1716 1393 1764 Custodis
1412 1716 1569 1763 venire
1587 1714 1734 1761 facere
1759 1715 1832 1761 hic
1857 1731 2010 1761 coram

403 1791 506 1854 ipso
529 1789 587 1836 de
613 1787 825 1853 quolibet
850 1798 1078 1851 portuum
1103 1785 1424 1849 predictorum
1449 1782 1721 1847 singillatim
1748 1782 1809 1847 xij
1838 1782 2011 1845 probos

402 1868 448 1904 et
473 1856 640 1920 legales
665 1855 874 1901 homines
899 1854 956 1901 de
981 1852 1157 1899 Balliva
1181 1868 1261 1898 sua
1296 1852 1354 1898 ad
1390 1850 1646 1914 exequend’
1680 1860 1725 1895 et
1762 1849 2013 1913 recipiend’

400 1941 452 1971 ea
475 1941 568 1988 que
594 1922 734 1970 Curie
759 1923 817 1970 de
842 1922 1081 1984 Shipweye
1118 1917 1444 1983 pertinuerint,
1484 1917 1640 1963 venire
1677 1915 1887 1963 fecerunt
1925 1917 2011 1963 nisi

402 1992 446 2038 vi
474 1990 686 2038 homines
704 1988 977 2053 singillatim
1003 1988 1061 2035 de
1087 1985 1296 2051 quolibet
1334 1996 1560 2048 portuum
1603 1983 1938 2048 predictorum,
1964 1996 2010 2031 et

399 2070 566 2123 portus
588 2057 645 2104 de
673 2058 772 2119 Rya
799 2055 881 2102 nisi
920 2067 1027 2111 tres,
1051 2055 1125 2100 alii
1164 2070 1274 2100 vero
1310 2053 1543 2099 dictorum
1570 2063 1798 2114 portuum
1836 2051 2009 2115 quibus

400 2139 673 2190 preceptum
699 2123 792 2171 fuit
817 2123 975 2169 venire
1001 2120 1146 2168 facere
1172 2121 1245 2167 hic
1271 2120 1314 2166 vi
1343 2119 1516 2182 probos
1541 2131 1586 2165 et
1614 2119 1782 2182 legales
1801 2118 2012 2165 homines

402 2194 460 2240 de
486 2191 695 2258 quolibet
719 2201 943 2255 portuum
981 2205 1176 2235 suorum
1213 2187 1503 2250 singillatim,
1534 2186 1690 2232 minus
1730 2185 2011 2232 sufficienter

402 2260 640 2307 retornare
666 2275 747 2305 nec
772 2269 925 2305 tantos
950 2256 1122 2320 probos
1146 2266 1192 2302 et
1209 2253 1374 2318 legales
1394 2253 1604 2300 homines
1625 2253 1780 2299 venire
1800 2251 2012 2300 fecerunt

403 2338 604 2392 quantos
629 2325 844 2372 mandata
874 2341 954 2371 sua
977 2323 1059 2370 eiis
1085 2322 1191 2369 inde
1215 2322 1390 2370 directa
1414 2320 1676 2385 exigebant,
1702 2331 1753 2367 ut
1780 2331 1905 2383 patet
1931 2337 2012 2384 per

407 2406 594 2442 retorna
631 2410 713 2440 sua
749 2393 964 2456 superius
999 2400 1229 2447 annotata,
1272 2388 1420 2435 Portu
1468 2404 1579 2434 vero
1615 2388 1673 2434 de
1710 2386 2010 2434 ffaveresham

407 2463 521 2510 dum
539 2473 694 2508 tamen
711 2470 921 2523 excepto.
997 2458 1068 2506 Ita
1083 2456 1211 2521 quod
1237 2455 1297 2502 ob
1317 2471 1496 2502 causam
1515 2455 1706 2501 minime
1722 2455 2012 2501 execucionis

806 2538 853 2573 et
890 2524 1208 2572 insufficientis
1244 2523 1417 2570 retorni
1467 2522 1794 2569 mandatorum
1833 2522 2010 2585 predic-

413 2595 736 2643 Misericordia.
808 2606 966 2640 torum
1004 2591 1192 2657 negocia
1234 2590 1413 2638 domini
1454 2590 1589 2654 regis,
1625 2600 1670 2636 et
1710 2588 1795 2635 alia
1836 2589 2010 2635 dictam

809 2660 997 2707 Curiam
1039 2658 1291 2723 tangentia,
1337 2655 1507 2703 infecta
1553 2668 1597 2702 et
1640 2656 1904 2719 inexpedita
1939 2673 2012 2702 re-

409 2741 610 2778 manent.
686 2728 798 2775 ldeo
815 2727 1157 2774 consideratum
1174 2736 1241 2772 est
1267 2725 1394 2789 quod
1412 2740 1574 2770 omnes
1593 2723 1815 2787 Majore5‚
1845 2722 2008 2769 Ballivi

406 2810 451 2847 et
487 2797 686 2843 Barones
712 2795 906 2860 predicti
933 2794 1103 2861 quibus
1141 2792 1413 2841 mandatum
1455 2802 1549 2838 erat
1590 2807 1675 2855 pro
1713 2789 2010 2837 insufficienti
