2181 3155
363 225 453 272 342
843 210 1078 258 DovER
1116 209 1487 258 CHARTERS

1135 411 1194 461 C.

876 542 945 570 xx
974 529 1102 580 Julii,
1131 536 1186 580 32
1217 527 1338 570 Hen.
1369 527 1501 569 V111.

367 638 591 684 Pneszus
631 636 878 683 indentura
906 646 1113 690 testatur,
1146 633 1276 698 quod
1307 633 1544 694 Johannes
1581 632 1776 687 BowleS,
1813 631 1972 696 Major

365 705 474 751 ville
510 721 559 750 ac
599 703 773 750 Portus
811 703 1042 759 Dovorre,
1066 701 1304 761 Johannes
1328 700 1555 756 Goodale,
1581 700 1793 746 Thomas
1820 699 1968 753 Petre,

364 772 576 818 Thomas
617 771 799 834 Smyth,
837 781 883 816 et
928 768 1197 814 Willelmus
1222 769 1418 823 Loome,
1445 767 1677 814 Custodes
1701 767 1823 813 dicte
1849 765 1972 822 ville,

367 838 575 885 unanimi
614 854 798 883 assensu
834 848 879 883 et
916 852 1145 882 concensu
1183 835 1333 882 tocius
1369 833 1734 882 Communitatis
1767 833 1975 898 ejusdem

368 906 474 951 ville
499 904 795 951 tradiderunt
821 915 1145 950 concesserunt
1175 913 1220 948 et
1258 902 1314 949 ad
1340 901 1465 949 feodi
1492 902 1672 948 firmam
1697 900 1975 947 dimiserunt

365 972 567 1034 Johanni
602 971 739 1018 Elam
775 971 833 1018 de
870 971 1101 1026 Dovorra,
1140 970 1322 1030 Jurato,
1355 969 1587 1033 quandam
1617 969 1819 1031 placeam
1854 979 1975 1014 terre

367 1056 473 1086 cum
521 1039 615 1085 suis
673 1037 969 1102 pertinenciis
1019 1038 1251 1102 jacentem
1311 1035 1432 1082 infra
1489 1036 1749 1082 libertatem
1807 1035 1977 1082 Portus

371 1107 589 1153 Dovorre
636 1105 683 1151 in
737 1105 1166 1169 Seintemaryward,
1209 1103 1440 1168 capitand'
1493 1104 1548 1150 ad
1609 1115 1778 1149 terram
1831 1118 1978 1165 nuper

369 1175 414 1219 Τ
417 1174 554 1220 home
614 1172 810 1236 ffyneux
869 1188 1030 1219 versus
1087 1172 1343 1219 southwest
1412 1182 1457 1216 et
1518 1171 1747 1226 northest,
1806 1181 1978 1216 terram

372 1240 607 1303 Radulphi
668 1238 862 1303 Bufkyn
922 1256 1082 1286 versus
1139 1250 1223 1296 est,
1281 1250 1326 1284 et
1390 1254 1690 1285 communem
1750 1236 1977 1284 venellam

370 1309 618 1355 ducentem
654 1308 711 1354 de
749 1318 885 1371 porta
913 1318 960 1353 et
993 1306 1139 1353 muris
1176 1306 1300 1353 dicte
1337 1305 1446 1351 ville
1485 1306 1702 1352 Dovorre
1744 1321 1891 1369 usque
1920 1304 1977 1351 ad

373 1376 536 1423 Priore
570 1375 697 1421 Lane
734 1391 894 1422 versus
932 1374 1104 1420 north:
1150 1371 1377 1420 HABEND’
1414 1384 1459 1419 et
1492 1372 1679 1419 tenend'
1721 1372 1977 1436 predictam

370 1444 574 1507 placeam
613 1454 734 1488 terre
775 1458 882 1488 cum
914 1442 1007 1488 suis
1046 1440 1342 1505 pertinenciis
1377 1438 1559 1503 prefato
1583 1439 1785 1501 Johanni
1825 1438 1978 1496 Elam,

370 1508 618 1556 heredibus
659 1519 705 1555 et
752 1509 994 1572 assignatis
1027 1508 1136 1565 suiS,
1173 1508 1552 1571 imperpetuum:
1610 1506 1822 1554 ffaciend'
1870 1506 1979 1553 inde

370 1577 619 1624 servicium
655 1576 836 1623 domini
893 1575 1031 1640 Regis
1071 1575 1331 1622 secundum
1385 1574 1770 1621 consuetudinem
1813 1584 1980 1636 portus

373 1643 570 1708 predicti
595 1660 700 1689 cum
726 1643 944 1690 acciderit
969 1662 977 1689 :
1016 1654 1062 1689 et
1086 1642 1309 1690 reddend'
1336 1642 1443 1688 inde
1470 1642 1708 1688 annuatim
1737 1640 1911 1706 Majori
1935 1652 1981 1687 et

373 1710 645 1758 custodibus
681 1710 889 1775 ejusdem
930 1709 1037 1756 ville
1074 1710 1154 1774 qui
1194 1726 1280 1774 pro
1318 1720 1528 1772 tempore
1564 1707 1739 1755 fuerint
1776 1709 1821 1754 in
1860 1707 1981 1754 festo

374 1778 648 1825 Nativitatis
664 1777 792 1824 beate
806 1778 958 1824 Marie
971 1777 1182 1840 Virginis
1196 1787 1400 1841 quatuor
1414 1776 1629 1823 denarios
1646 1775 1981 1840 sterlingorum

373 1845 582 1892 annualis
618 1845 854 1892 redditus:
898 1856 943 1892 et
981 1844 1176 1908 predicti
1212 1844 1370 1909 Major
1405 1854 1451 1890 et
1485 1843 1716 1890 Custodes
1751 1859 1801 1889 ac
1837 1842 1983 1890 Com-

375 1912 576 1959 munitas
621 1912 744 1959 dicte
787 1911 894 1958 ville
935 1923 981 1958 et
1022 1928 1184 1958 eorum
1217 1927 1502 1958 successores
1538 1911 1730 1957 eandem
1780 1910 1981 1974 placeam

374 1991 496 2027 terre
521 1995 629 2026 cum
661 1980 757 2026 suis
789 1979 1085 2042 pertinenciis
1110 1977 1291 2042 prefato
1324 1977 1528 2040 Johanni
1556 1977 1708 2035 Elam,
1737 1977 1985 2024 heredibus

373 2059 419 2094 et
460 2047 699 2110 assignatis
735 2047 845 2103 suis,
893 2047 939 2092 in
988 2045 1138 2092 forma
1176 2046 1382 2109 predicta
1429 2056 1590 2091 contra
1624 2060 1787 2092 omnes
1821 2055 1983 2108 gentes

374 2113 741 2161 warantizabunt
766 2113 1129 2177 imperpetuum.

479 2181 532 2227 In
571 2180 702 2245 cujus
742 2181 806 2227 rei
845 2180 1167 2227 testimonium
1210 2180 1299 2226 hiis
1339 2178 1605 2226 indenturis
1645 2189 1739 2225 tam
1777 2177 1982 2242 sigillum

377 2248 514 2295 officii
557 2248 821 2312 Majoratus
860 2249 1077 2294 Dovorre
1116 2247 1320 2310 predicte
1361 2263 1504 2310 quam
1543 2245 1747 2310 sigillum
1788 2245 1983 2309 predicti

375 2315 602 2376 Johannis
626 2314 762 2361 Elam
787 2315 1048 2361 alternatim
1069 2325 1176 2361 sunt
1201 2331 1412 2378 appensa.

479 2382 603 2429 Data
648 2383 770 2445 apud
827 2382 1091 2428 Dovorram
1142 2382 1412 2444 predictam,
1463 2380 1682 2426 vicesimo
1728 2379 1804 2426 die
1850 2378 1982 2439 Julii,

378 2466 499 2496 anno
519 2449 648 2513 regni
673 2449 812 2513 Regis
838 2448 1035 2495 Henrici
1063 2449 1214 2494 octavi
1243 2448 1476 2494 tricesimo
1500 2447 1717 2493 secundo.

383 2771 493 2833 [47]
