2181 3155
392 247 487 294 294
870 227 1109 276 DOVER
1146 225 1518 274 CHARTERS

389 367 544 413 ciones
566 377 612 412 et
637 364 1024 429 transgressiones
1055 362 1113 408 de
1139 361 1279 408 viridi
1304 371 1350 407 et
1386 359 1637 407 venacione
1663 375 1743 405 seu
1769 357 1999 405 occisione

393 450 639 480 cervorum
676 433 919 479 damarum
955 441 1000 476 et
1050 429 1243 475 aliarum
1292 426 1495 474 ferarum
1544 427 1591 473 in
1630 425 1815 473 forestis
1851 425 2000 489 parcis

391 500 568 548 chaceis
631 499 816 558 nostriS‚
876 509 956 544 aut
1015 495 1213 560 alicujus
1282 495 1644 559 progenitorum
1710 504 1996 551 nostrorum,

390 569 487 615 sive
522 567 716 614 aliarum
753 581 1054 629 personarum
1096 579 1517 627 quarumcumque,
1555 560 1854 608 vendiciones
1889 576 1999 623 pro-

395 636 706 682 sternaciones
729 645 773 680 et
800 632 1077 679 abscisiones
1113 631 1378 686 hoscorum,
1405 627 1524 674 infra
1561 627 1753 675 forestas
1777 639 1822 674 et
1855 638 1999 687 extra,

393 715 438 749 et
485 702 679 748 aliarum
728 717 884 746 rerum
934 713 1339 763 quarumcumque
1381 694 1501 742 infra
1542 712 1736 760 regnum
1787 706 1999 742 nostrum

397 770 571 834 Anglie
605 780 713 815 ante
748 767 1012 831 predictum
1050 765 1320 811 vicesimum
1354 763 1547 810 tercium
1584 763 1708 809 diem
1741 761 1882 808 factas
1904 762 2002 809 sive

396 848 695 900 perpetratas,
721 835 844 881 unde
868 833 1057 897 punicio
1081 833 1261 879 caderet
1287 831 1334 877 in
1364 830 1616 878 demandas
1643 830 1822 877 debitas
1849 846 1929 875 seu
1954 829 2002 876 in

396 905 537 951 finem
562 915 607 949 et
632 901 1023 964 redempcionem,
1050 911 1127 946 aut
1153 901 1198 945 in
1232 899 1339 945 alias
1363 915 1501 961 penas
1526 897 1823 961 pecuniarias,
1850 913 1930 943 seu
1956 897 2002 944 in

397 969 714 1018 forisfacturas
777 969 1011 1015 bonorum
1069 978 1115 1013 et
1174 966 1446 1012 catallorum
1510 966 1721 1028 ipsorum
1789 964 2003 1029 Majoris,

398 1038 581 1094 Ballivi,
619 1049 664 1084 et
702 1034 1088 1090 Communitatis,
1124 1034 1221 1080 sive
1258 1034 1303 1079 in
1341 1033 1662 1079 oneracionem
1700 1048 2002 1096 personarum

397 1122 604 1162 suarum,
647 1116 693 1152 et
729 1120 867 1150 omne
903 1103 950 1149 id
987 1102 1117 1166 quod
1155 1101 1211 1148 ad
1255 1117 1339 1146 nos
1385 1116 1545 1146 versus
1585 1100 1709 1163 ipsos
1753 1098 2003 1164 Majorem,

400 1172 649 1229 Ballivum‚
687 1182 732 1218 et
773 1169 1196 1224 Communitatem,
1236 1167 1437 1230 pertinet
1479 1166 1551 1213 vel
1589 1167 1818 1230 pertinere
1860 1166 2004 1230 possit

398 1257 453 1286 ex
493 1240 640 1286 causis
685 1237 966 1302 supradictis
1000 1236 1099 1282 sive
1145 1252 1305 1282 earum
1354 1235 1508 1299 aliqua
1549 1234 1783 1298 aliquibus
1819 1233 2006 1281 statutis

397 1307 591 1354 actubus
637 1304 1015 1352 ordinacionibus
1072 1303 1118 1349 in
1189 1303 1474 1349 contrarium
1534 1300 1665 1348 factis
1719 1301 1858 1348 editis
1910 1300 2007 1347 sive

400 1374 599 1438 provisis
640 1374 686 1419 in
727 1373 886 1436 aliquo
927 1388 1020 1417 non
1059 1370 1285 1417 obstante.
1375 1369 1637 1425 Emeum,
1681 1369 2005 1432 perdonamus,

401 1442 703 1499 remittimus,
773 1450 818 1486 et
889 1438 1161 1496 relaxamuS,
1219 1437 1394 1483 eisdem
1457 1436 1648 1501 Majori,
1707 1436 1903 1491 Ballivo,
1961 1446 2006 1482 et

401 1508 760 1563 Communitati,
807 1523 969 1552 omnes
1014 1517 1059 1552 et
1106 1504 1401 1551 omnimodas
1448 1503 1851 1567 transgressiones,
1898 1519 2008 1550 con-

402 1587 626 1638 temptus,
686 1573 1019 1629 forisfacturaS,
1085 1571 1339 1630 malefacta,
1399 1582 1443 1617 et
1503 1570 1700 1617 offensas
1758 1587 1838 1633 per
1885 1570 2008 1634 ipsos

405 1643 656 1707 Majorem,
706 1641 954 1696 Ballivum‚
1007 1651 1053 1686 et
1113 1639 1533 1692 Communitatem,
1581 1650 1687 1684 ante
1745 1637 2006 1700 predictum

403 1710 678 1756 vicesimum
725 1708 920 1755 tercium
973 1707 1114 1766 diem,
1167 1705 1310 1753 factas
1356 1707 1452 1751 sive
1500 1717 1799 1768 perpetratas,
1849 1716 2009 1751 contra

402 1777 601 1824 formam
644 1777 741 1823 sive
776 1775 996 1823 effectum
1035 1774 1229 1839 alicujus
1265 1774 1445 1828 statuti,
1483 1784 1627 1829 actus,
1662 1773 1759 1819 sive
1796 1772 2010 1819 ordinac-

401 1845 545 1891 cionis
580 1843 692 1890 editi
729 1843 824 1889 sive
862 1842 1053 1906 provisi,
1087 1842 1145 1888 de
1181 1841 1361 1903 ripariis
1396 1839 1662 1904 gurgitibus
1698 1840 1871 1903 stagnis
1907 1838 2009 1902 pilis

402 1911 561 1958 lokkis
601 1910 882 1958 molendinis
916 1910 1115 1973 gutteris
1149 1909 1331 1954 seweris
1366 1907 1583 1971 hebbyng
1619 1907 1750 1953 weris
1787 1906 2010 1953 utviethis

401 1978 534 2025 factis
568 1977 793 2024 edificatis
827 1977 1037 2023 exaltatis
1072 1975 1288 2040 elargatis
1328 1975 1562 2032 strictatis‚
1593 1974 1666 2020 vel
1702 1974 1902 2020 extensis
1937 1973 2008 2020 vel

405 2063 496 2092 non
530 2046 744 2100 extensis,
771 2045 842 2090 vel
876 2060 969 2089 non
1006 2043 1245 2105 depositis,
1271 2042 1510 2106 depositis,
1545 2053 1624 2088 aut
1663 2058 1756 2087 non
1795 2040 2012 2105 prostatis

404 2114 474 2158 vel
503 2112 732 2175 prostatis,
762 2123 841 2158 aut
880 2127 1040 2156 versus
1076 2110 1201 2173 ipsos
1228 2110 1478 2174 Majorem,
1506 2109 1759 2164 Ballivum‚
1785 2121 1830 2155 et
1867 2108 2011 2155 Com-

405 2180 698 2235 munitatem,
741 2195 931 2242 quoque
974 2177 1116 2223 modo
1157 2176 1441 2240 presentatis,
1479 2193 1557 2222 seu
1596 2192 1687 2222 non
1726 2175 2010 2238 presentatis,

404 2246 678 2312 adjudicatis
736 2262 889 2292 coram
961 2244 1194 2308 aliquibus
1239 2243 1524 2308 justiciariis,
1583 2242 2008 2299 commissionariis,

406 2314 477 2361 vel
504 2313 729 2360 ministris
759 2312 942 2369 nostris,
980 2328 1059 2358 seu
1086 2311 1284 2375 alicujus
1314 2311 1672 2375 progenitorum
1707 2322 2008 2365 nostrorum;

403 2394 449 2428 et
497 2380 653 2427 omnia
700 2391 744 2426 et
786 2380 1057 2426 omnimoda
1103 2378 1457 2426 amerciamenta
1515 2378 1628 2424 fines
1675 2394 1815 2440 penas
1855 2376 2009 2424 debita

401 2459 447 2495 et
473 2447 715 2511 deperdita
740 2464 879 2510 super
904 2457 982 2492 aut
1008 2462 1169 2492 versus
1192 2445 1381 2491 eosdem
1419 2445 1667 2509 Majorem,
1695 2445 1940 2502 Ballivum‚
1964 2455 2008 2491 et

403 2515 807 2563 Communitatem
845 2530 1027 2569 assessa,
1053 2512 1148 2559 sive
1180 2529 1272 2558 non
1299 2528 1479 2569 assessa‚
1505 2512 1767 2576 adjudicata
1792 2511 1888 2558 sive
1915 2528 2005 2558 non

403 2583 678 2647 adjudicata,
726 2598 781 2627 ex
830 2581 975 2627 causis
1016 2580 1307 2643 supradictis,
1349 2579 1446 2624 sive
1493 2595 1649 2625 earum
1698 2579 1879 2642 aliqua;
1938 2579 2008 2624 Ac

405 2667 566 2696 omnes
590 2660 634 2694 et
659 2648 954 2694 omnimodas
979 2646 1312 2700 forisfacturas,
1344 2647 1470 2701 fines,
1496 2646 1944 2708 condempnaciones
1966 2655 2010 2691 et

404 2717 702 2763 denariorum
739 2732 945 2761 summas
983 2714 1128 2768 nobis,
1153 2731 1231 2760 seu
1269 2714 1402 2760 alicui
1438 2713 1790 2777 progenitorum
1831 2724 2010 2760 nostro-

406 2800 522 2834 rum,
553 2783 730 2828 ratione
768 2783 1119 2846 premissorum,
1151 2798 1229 2826 seu
1267 2797 1432 2827 eorum
1470 2780 1680 2845 alicujuS,
1705 2779 1884 2826 debitas
1914 2779 2008 2826 sive
