2192 3342
428 276 485 322 86
904 274 1136 322 DOVER
1173 273 1537 321 CHARTERS

621 406 679 453 de
703 406 953 454 excucione
980 406 1017 470 [!
1023 407 1043 470 ]
1083 406 1323 471 cujusdam
1345 405 1510 470 judicii
1535 414 1698 452 contra
1721 405 2024 453 Valentinum

425 471 546 521 Dies.
621 473 679 520 de
717 474 948 531 Dovorra,
989 490 1135 536 nuper
1161 472 1398 538 Majorem
1424 472 1546 518 Ville
1570 472 1628 519 de
1652 472 1952 536 Wynchelse,
1977 485 2024 521 et

621 540 799 587 dictum
830 540 1152 597 Vincencium,
1179 550 1290 586 tunc
1326 537 1560 586 Ballivum
1585 538 1774 598 ibidem,
1799 557 1881 604 per
1915 541 2024 587 Bar·

421 605 710 653 tholomeum
782 607 839 653 de
907 606 1238 671 Burghersshe‚
1311 616 1422 653 tunc
1480 605 1738 653 Custodem
1804 607 2026 672 Quinque

421 674 666 730 Portuum,
711 673 883 720 redditi
925 674 982 720 ad
1022 684 1194 720 sectam
1235 673 1527 720 Godescalke
1567 672 1855 732 Bredenelet,
1880 691 2026 739 usque

417 741 542 787 diem
568 740 750 787 veneris
774 740 1043 804 proximum
1069 752 1175 805 post
1199 739 1374 789 festum
1397 740 1560 787 Sancte
1584 740 1850 800 Trinitatis,
1886 753 1973 789 etc.

517 872 797 936 Preceptum
821 884 889 919 est
915 873 1034 920 sicut
1057 873 1165 920 alias
1188 872 1424 920 Omnibus
1462 871 1728 937 Majoribus
1767 870 1957 919 Ballivis
1979 882 2025 918 et

418 939 675 986 Batonibus
709 939 928 1014 ‘quinque
969 951 1197 1016 portuum
1239 939 1368 1005 quod
1411 939 1609 987 habeant
1646 950 1808 986 contra
1843 939 2025 986 dictum

416 1005 540 1052 diem
568 1007 746 1053 veneris
771 1007 1011 1070 predicte
1002 1024 1047 1054 1n
1072 1006 1255 1070 scriptis
1279 1024 1370 1072 que
1395 1007 1516 1054 bona
1533 1018 1578 1054 et
1604 1018 1777 1071 quanta
1800 1006 2026 1081 cepissent

416 1090 495 1136 per
519 1073 833 1131 Skomerfare,
861 1085 1072 1138 tempore
1105 1091 1201 1139 quo
1224 1074 1377 1122 dictus
1403 1073 1577 1121 Custos
1611 1073 1868 1137 optinuerit
1894 1073 2026 1120 balli-

415 1157 520 1254 ἕως
557 1157 702 1200 suam,
740 1112 866 1189 unde
900 1141 1030 1189 dicto
1068 1141 1268 1189 Custodi
1307 1152 1428 1189 certa
1460 1158 1563 1205 pars
1586 1141 1680 1188 de
1661 1158 1770 1206 Jure
1794 1141 2026 1205 pertinere

450 1224 473 1252 e
509 1218 565 1255 et.

415 1378 644 1426 PLAch
682 1390 810 1427 tenta
845 1380 901 1427 ad
938 1379 1194 1427 Ecclesiam
1232 1379 1383 1427 Sancti
1408 1379 1569 1440 Jacobi
1607 1379 1666 1426 de
1702 1380 1921 1426 Dovorra
1951 1379 2027 1427 die

484 1463 663 1508 veneris
704 1462 920 1526 proximo
962 1473 1067 1526 post
1109 1461 1282 1510 festum
1323 1463 1485 1509 Sancte
1525 1461 1788 1510 Trinitatis

521 1602 728 1668 Majores
738 1601 903 1649 Ballivi
916 1613 962 1650 et
972 1603 1175 1650 Barones
1191 1603 1399 1667 quinque
1416 1612 1643 1665 portuum
1661 1603 1872 1649 tulerunt
1888 1601 2025 1648 breve

417 1669 597 1716 domini
625 1670 763 1735 Regis
787 1670 832 1716 in
859 1671 941 1716 hec
966 1670 1118 1719 verba.
1190 1670 1443 1717 Edwardus
1466 1670 1535 1716 dei
1558 1672 1720 1733 gratia,
1758 1680 1841 1718 etc.
1916 1669 2028 1731 Quo

419 1736 557 1782 breve
616 1737 734 1784 lecto
786 1748 832 1784 et
885 1737 1102 1784 omnibus
1155 1736 1363 1801 partibus
1415 1736 1719 1802 querentibus
1765 1736 1872 1783 huic
1918 1735 2027 1782 inde

418 1803 596 1850 vocatis
637 1821 723 1868 pro
763 1804 1048 1852 avisamento
1090 1821 1227 1868 super
1267 1804 1396 1851 dicto
1433 1804 1560 1850 brevi
1590 1803 1805 1851 habend‘.
1877 1804 2027 1850 Datus

418 1881 486 1917 est
538 1870 635 1917 dies
686 1870 908 1918 omnibus
960 1871 1169 1934 partibus
1217 1870 1520 1936 querentibus
1556 1881 1603 1918 et
1651 1869 2026 1927 defendentibus,

421 1937 651 1996 videlicet,
710 1939 785 1985 die
843 1939 1005 1985 martis
1057 1938 1273 2002 proximo
1325 1949 1430 2002 post
1482 1937 1656 1984 festum
1709 1937 2029 1985 translacionis

419 2005 571 2052 Sancti
624 2005 814 2052 Thome
868 2005 1068 2052 martiris
1119 2017 1165 2053 et
1217 2006 1403 2053 interim
1455 2005 1746 2070 loquendum
1798 2016 1867 2052 est
1919 2005 2027 2052 inde

423 2088 529 2118 cum
565 2072 759 2119 consilio
795 2073 976 2119 domini
1015 2072 1168 2137 Regis.

521 2138 758 2186 Henricus
783 2139 1010 2186 Wardieu
1047 2140 1180 2203 ponit
1216 2140 1318 2186 loco
1346 2156 1432 2186 suo
1454 2139 1716 2200 Johannem
1742 2138 1943 2196 Salmon,
1968 2139 2026 2186 de

421 2206 690 2264 Westclive,
735 2223 895 2253 versus
938 2207 1173 2271 Majorem
1215 2206 1323 2253 ville
1365 2207 1423 2253 de
1463 2207 1704 2255 Sandwico
1746 2222 1831 2270 pro
1862 2223 2027 2254 manu-

419 2272 622 2320 tinencio
663 2274 790 2337 prius
832 2273 1005 2321 habito.

520 2342 784 2397 Edwardus‚
826 2351 913 2387 etc.

521 2407 773 2471 Inquisicio
813 2418 943 2471 capta
986 2407 1162 2454 virtute
1204 2407 1356 2454 brevis
1397 2407 1575 2454 domini
1627 2406 1766 2471 Regis
1819 2407 2028 2470 superius

418 2491 553 2530 anno,
596 2486 682 2522 etc.
725 2487 831 2531 etc„
875 2475 931 2522 de
973 2475 1170 2521 diversis
1212 2475 1437 2521 custumis
1479 2485 1523 2521 et
1573 2475 1776 2522 tolnetis.

420 2843 563 2905 [¹92]
