<?xml version="1.0" encoding="UTF-8"?>
<!DOCTYPE html PUBLIC "-//W3C//DTD XHTML 1.0 Transitional//EN"
    "http://www.w3.org/TR/xhtml1/DTD/xhtml1-transitional.dtd">
<html xmlns="http://www.w3.org/1999/xhtml" xml:lang="en" lang="en">
 <head>
  <title>
</title>
<meta http-equiv="Content-Type" content="text/html;charset=utf-8" />
  <meta name='ocr-system' content='tesseract 3.04.00' />
  <meta name='ocr-capabilities' content='ocr_page ocr_carea ocr_par ocr_line ocrx_word'/>
</head>
<body>
  <div class='ocr_page' id='page_1' title='image "./doverchartersoth00doverich/doverchartersoth00doverich_0328.png"; bbox 0 0 2181 3155; ppageno 0'>
   <div class='ocr_carea' id='block_1_1' title="bbox 362 206 1489 271">
    <p class='ocr_par' dir='ltr' id='par_1_1' title="bbox 362 206 1489 271">
     <span class='ocr_line' id='line_1_1' title="bbox 362 206 1489 271; baseline -0.001 -16"><span class='ocrx_word' id='word_1_1' title='bbox 362 224 384 255; x_wconf 89' lang='lat'>2</span> <span class='ocrx_word' id='word_1_2' title='bbox 395 210 455 271; x_wconf 90' lang='lat'>96</span> <span class='ocrx_word' id='word_1_3' title='bbox 839 207 1079 255; x_wconf 90' lang='lat' dir='ltr'><strong>DOVER</strong></span> <span class='ocrx_word' id='word_1_4' title='bbox 1118 206 1489 255; x_wconf 89' lang='lat' dir='ltr'>CHARTERS</span> 
     </span>
    </p>
   </div>
   <div class='ocr_carea' id='block_1_2' title="bbox 360 323 2055 2812">
    <p class='ocr_par' dir='ltr' id='par_1_2' title="bbox 360 323 2057 2812">
     <span class='ocr_line' id='line_1_2' title="bbox 360 323 1969 401; baseline -0.002 -29"><span class='ocrx_word' id='word_1_5' title='bbox 360 337 654 401; x_wconf 84' lang='lat' dir='ltr'>spectantes:</span> <span class='ocrx_word' id='word_1_6' title='bbox 717 325 782 373; x_wconf 93' lang='lat' dir='ltr'>Et</span> <span class='ocrx_word' id='word_1_7' title='bbox 836 325 1019 372; x_wconf 87' lang='lat' dir='ltr'>easdem</span> <span class='ocrx_word' id='word_1_8' title='bbox 1109 323 1442 382; x_wconf 87' lang='lat' dir='ltr'>forisfacturas,</span> <span class='ocrx_word' id='word_1_9' title='bbox 1525 323 1655 379; x_wconf 87' lang='lat' dir='ltr'>fines,</span> <span class='ocrx_word' id='word_1_10' title='bbox 1716 323 1969 387; x_wconf 88' lang='lat' dir='ltr'>condemp-</span> 
     </span>
     <span class='ocr_line' id='line_1_3' title="bbox 364 389 1970 456; baseline -0.003 -16"><span class='ocrx_word' id='word_1_11' title='bbox 364 394 576 440; x_wconf 85' lang='lat' dir='ltr'>naciones</span> <span class='ocrx_word' id='word_1_12' title='bbox 621 404 668 440; x_wconf 92' lang='lat' dir='ltr'>et</span> <span class='ocrx_word' id='word_1_13' title='bbox 713 393 1016 441; x_wconf 90' lang='lat' dir='ltr'>denariorum</span> <span class='ocrx_word' id='word_1_14' title='bbox 1062 408 1269 439; x_wconf 90' lang='lat' dir='ltr'>summas</span> <span class='ocrx_word' id='word_1_15' title='bbox 1315 392 1491 438; x_wconf 89' lang='lat' dir='ltr'>eisdem</span> <span class='ocrx_word' id='word_1_16' title='bbox 1541 390 1731 456; x_wconf 89' lang='lat' dir='ltr'>Majori,</span> <span class='ocrx_word' id='word_1_17' title='bbox 1775 389 1970 448; x_wconf 89' lang='lat' dir='ltr'>Ballivo,</span> 
     </span>
     <span class='ocr_line' id='line_1_4' title="bbox 360 429 1973 524; baseline -0.003 -16"><span class='ocrx_word' id='word_1_18' title='bbox 360 472 406 508; x_wconf 88' lang='lat' dir='ltr'>et</span> <span class='ocrx_word' id='word_1_19' title='bbox 432 460 774 508; x_wconf 89' lang='lat' dir='ltr'>Communitati</span> <span class='ocrx_word' id='word_1_20' title='bbox 801 477 881 524; x_wconf 92' lang='lat' dir='ltr'>per</span> <span class='ocrx_word' id='word_1_21' title='bbox 915 470 1149 523; x_wconf 85' lang='lat' dir='ltr'>presentes</span> <span class='ocrx_word' id='word_1_22' title='bbox 1173 460 1340 506; x_wconf 91' lang='lat' dir='ltr'>damus</span> <span class='ocrx_word' id='word_1_23' title='bbox 1362 470 1408 506; x_wconf 91' lang='lat' dir='ltr'>et</span> <span class='ocrx_word' id='word_1_24' title='bbox 1434 458 1750 516; x_wconf 84' lang='lat' dir='ltr'>concedimus,</span> <span class='ocrx_word' id='word_1_25' title='bbox 1778 429 1973 505; x_wconf 65' lang='lat' dir='ltr'>habend³</span> 
     </span>
     <span class='ocr_line' id='line_1_5' title="bbox 363 525 1974 593; baseline -0.002 -19"><span class='ocrx_word' id='word_1_26' title='bbox 363 528 539 576; x_wconf 90' lang='lat' dir='ltr'>eisdem</span> <span class='ocrx_word' id='word_1_27' title='bbox 588 528 781 593; x_wconf 89' lang='lat' dir='ltr'>Majori‚</span> <span class='ocrx_word' id='word_1_28' title='bbox 824 527 1019 584; x_wconf 90' lang='lat' dir='ltr'>Ballivo,</span> <span class='ocrx_word' id='word_1_29' title='bbox 1062 538 1108 574; x_wconf 91' lang='lat' dir='ltr'>et</span> <span class='ocrx_word' id='word_1_30' title='bbox 1151 526 1496 574; x_wconf 90' lang='lat' dir='ltr'>Communitati</span> <span class='ocrx_word' id='word_1_31' title='bbox 1543 526 1601 573; x_wconf 94' lang='lat' dir='ltr'>de</span> <span class='ocrx_word' id='word_1_32' title='bbox 1636 525 1764 573; x_wconf 91' lang='lat' dir='ltr'>dono</span> <span class='ocrx_word' id='word_1_33' title='bbox 1811 535 1974 572; x_wconf 88' lang='lat' dir='ltr'>nostro</span> 
     </span>
     <span class='ocr_line' id='line_1_6' title="bbox 365 591 2055 660; baseline -0.002 -18"><span class='ocrx_word' id='word_1_34' title='bbox 365 595 537 660; x_wconf 87' lang='lat' dir='ltr'>absque</span> <span class='ocrx_word' id='word_1_35' title='bbox 592 606 815 658; x_wconf 91' lang='lat' dir='ltr'>compoto</span> <span class='ocrx_word' id='word_1_36' title='bbox 870 612 950 641; x_wconf 89' lang='lat' dir='ltr'>seu</span> <span class='ocrx_word' id='word_1_37' title='bbox 1005 594 1163 659; x_wconf 90' lang='lat' dir='ltr'>aliquo</span> <span class='ocrx_word' id='word_1_38' title='bbox 1230 594 1322 640; x_wconf 89' lang='lat' dir='ltr'>alio</span> <span class='ocrx_word' id='word_1_39' title='bbox 1386 594 1495 640; x_wconf 89' lang='lat' dir='ltr'>inde</span> <span class='ocrx_word' id='word_1_40' title='bbox 1555 593 1689 639; x_wconf 91' lang='lat' dir='ltr'>nobis</span> <span class='ocrx_word' id='word_1_41' title='bbox 1746 591 1972 639; x_wconf 88' lang='lat' dir='ltr'>reddend’</span> <span class='ocrx_word' id='word_1_42' title='bbox 2047 592 2055 600; x_wconf 69' lang='lat'><strong><em>⁴</em></strong></span> 
     </span>
     <span class='ocr_line' id='line_1_7' title="bbox 365 659 1973 724; baseline -0.002 -15"><span class='ocrx_word' id='word_1_43' title='bbox 365 663 576 710; x_wconf 91' lang='lat' dir='ltr'>solvend’</span> <span class='ocrx_word' id='word_1_44' title='bbox 618 662 692 710; x_wconf 90' lang='lat' dir='ltr'>vel</span> <span class='ocrx_word' id='word_1_45' title='bbox 734 661 927 711; x_wconf 92' lang='lat' dir='ltr'>faciend.</span> <span class='ocrx_word' id='word_1_46' title='bbox 1003 661 1079 708; x_wconf 80' lang='lat' dir='ltr'>ET</span> <span class='ocrx_word' id='word_1_47' title='bbox 1138 661 1411 708; x_wconf 77' lang='lat' dir='ltr'>SJMILl&#39;rER</span> <span class='ocrx_word' id='word_1_48' title='bbox 1452 660 1784 724; x_wconf 87' lang='lat' dir='ltr'>perdonamus,</span> <span class='ocrx_word' id='word_1_49' title='bbox 1816 659 1973 706; x_wconf 89' lang='lat' dir='ltr'>remit-</span> 
     </span>
     <span class='ocr_line' id='line_1_8' title="bbox 366 727 1974 793; baseline -0.002 -16"><span class='ocrx_word' id='word_1_50' title='bbox 366 731 527 786; x_wconf 90' lang='lat' dir='ltr'>timus,</span> <span class='ocrx_word' id='word_1_51' title='bbox 553 741 598 776; x_wconf 92' lang='lat' dir='ltr'>et</span> <span class='ocrx_word' id='word_1_52' title='bbox 624 730 881 776; x_wconf 87' lang='lat' dir='ltr'>relaxamus</span> <span class='ocrx_word' id='word_1_53' title='bbox 905 730 1080 777; x_wconf 91' lang='lat' dir='ltr'>eisdem</span> <span class='ocrx_word' id='word_1_54' title='bbox 1116 728 1308 793; x_wconf 88' lang='lat' dir='ltr'>Majori,</span> <span class='ocrx_word' id='word_1_55' title='bbox 1337 728 1532 786; x_wconf 93' lang='lat' dir='ltr'>Ballivo,</span> <span class='ocrx_word' id='word_1_56' title='bbox 1561 739 1606 774; x_wconf 91' lang='lat' dir='ltr'>et</span> <span class='ocrx_word' id='word_1_57' title='bbox 1631 727 1974 774; x_wconf 88' lang='lat' dir='ltr'>Communitati</span> 
     </span>
     <span class='ocr_line' id='line_1_9' title="bbox 366 793 1975 860; baseline -0.002 -17"><span class='ocrx_word' id='word_1_58' title='bbox 366 798 630 844; x_wconf 90' lang='lat' dir='ltr'>soluciones</span> <span class='ocrx_word' id='word_1_59' title='bbox 691 808 736 843; x_wconf 92' lang='lat' dir='ltr'>et</span> <span class='ocrx_word' id='word_1_60' title='bbox 793 797 1093 843; x_wconf 90' lang='lat' dir='ltr'>liberaciones</span> <span class='ocrx_word' id='word_1_61' title='bbox 1138 812 1546 860; x_wconf 89' lang='lat' dir='ltr'>quarumcumque</span> <span class='ocrx_word' id='word_1_62' title='bbox 1593 795 1826 858; x_wconf 90' lang='lat' dir='ltr'>peciarum</span> <span class='ocrx_word' id='word_1_63' title='bbox 1878 793 1975 841; x_wconf 89' lang='lat' dir='ltr'>auri</span> 
     </span>
     <span class='ocr_line' id='line_1_10' title="bbox 367 862 1975 939; baseline -0.002 -28"><span class='ocrx_word' id='word_1_64' title='bbox 367 865 521 912; x_wconf 85' lang='lat' dir='ltr'>cunati</span> <span class='ocrx_word' id='word_1_65' title='bbox 551 862 670 910; x_wconf 88' lang='lat' dir='ltr'>infra</span> <span class='ocrx_word' id='word_1_66' title='bbox 703 880 903 928; x_wconf 85' lang='lat' dir='ltr'>regnum</span> <span class='ocrx_word' id='word_1_67' title='bbox 938 875 1149 910; x_wconf 90' lang='lat' dir='ltr'>nostrum</span> <span class='ocrx_word' id='word_1_68' title='bbox 1189 863 1381 939; x_wconf 80' lang='lat' dir='ltr'>Anglie,</span> <span class='ocrx_word' id='word_1_69' title='bbox 1416 880 1494 909; x_wconf 92' lang='lat' dir='ltr'>seu</span> <span class='ocrx_word' id='word_1_70' title='bbox 1533 862 1657 921; x_wconf 87' lang='lat' dir='ltr'>alibi,</span> <span class='ocrx_word' id='word_1_71' title='bbox 1691 879 1742 908; x_wconf 92' lang='lat' dir='ltr'>ac</span> <span class='ocrx_word' id='word_1_72' title='bbox 1770 878 1975 927; x_wconf 91' lang='lat' dir='ltr'>quorum</span> 
     </span>
     <span class='ocr_line' id='line_1_11' title="bbox 368 929 1976 1007; baseline -0.001 -29"><span class='ocrx_word' id='word_1_73' title='bbox 368 949 568 1007; x_wconf 83' lang='lat' dir='ltr'>cumque</span> <span class='ocrx_word' id='word_1_74' title='bbox 594 947 813 978; x_wconf 89' lang='lat' dir='ltr'>vasorum</span> <span class='ocrx_word' id='word_1_75' title='bbox 839 930 963 994; x_wconf 90' lang='lat' dir='ltr'>plati,</span> <span class='ocrx_word' id='word_1_76' title='bbox 993 930 1257 978; x_wconf 89' lang='lat' dir='ltr'>bullionum</span> <span class='ocrx_word' id='word_1_77' title='bbox 1284 931 1649 987; x_wconf 89' lang='lat' dir='ltr'>inassaiatarum,</span> <span class='ocrx_word' id='word_1_78' title='bbox 1674 940 1720 976; x_wconf 91' lang='lat' dir='ltr'>et</span> <span class='ocrx_word' id='word_1_79' title='bbox 1749 929 1976 994; x_wconf 78' lang='lat' dir='ltr'>Jocalium</span> 
     </span>
     <span class='ocr_line' id='line_1_12' title="bbox 369 996 1979 1062; baseline -0.001 -18"><span class='ocrx_word' id='word_1_80' title='bbox 369 999 465 1045; x_wconf 89' lang='lat' dir='ltr'>auri</span> <span class='ocrx_word' id='word_1_81' title='bbox 492 999 563 1045; x_wconf 90' lang='lat' dir='ltr'>vel</span> <span class='ocrx_word' id='word_1_82' title='bbox 600 998 797 1062; x_wconf 82' lang='lat' dir='ltr'>argenti,</span> <span class='ocrx_word' id='word_1_83' title='bbox 823 1009 1119 1061; x_wconf 89' lang='lat' dir='ltr'>operatorum</span> <span class='ocrx_word' id='word_1_84' title='bbox 1158 997 1230 1044; x_wconf 92' lang='lat' dir='ltr'>vel</span> <span class='ocrx_word' id='word_1_85' title='bbox 1267 1015 1360 1044; x_wconf 92' lang='lat' dir='ltr'>non</span> <span class='ocrx_word' id='word_1_86' title='bbox 1396 1009 1713 1061; x_wconf 89' lang='lat' dir='ltr'>operatorum,</span> <span class='ocrx_word' id='word_1_87' title='bbox 1740 1014 1819 1060; x_wconf 87' lang='lat' dir='ltr'>per</span> <span class='ocrx_word' id='word_1_88' title='bbox 1854 996 1979 1060; x_wconf 89' lang='lat' dir='ltr'>ipsos</span> 
     </span>
     <span class='ocr_line' id='line_1_13' title="bbox 372 1063 1977 1130; baseline -0.001 -18"><span class='ocrx_word' id='word_1_89' title='bbox 372 1065 623 1130; x_wconf 89' lang='lat' dir='ltr'>Majorem,</span> <span class='ocrx_word' id='word_1_90' title='bbox 671 1064 921 1123; x_wconf 89' lang='lat' dir='ltr'>Ballivum,</span> <span class='ocrx_word' id='word_1_91' title='bbox 967 1077 1013 1112; x_wconf 92' lang='lat' dir='ltr'>et</span> <span class='ocrx_word' id='word_1_92' title='bbox 1061 1064 1480 1122; x_wconf 90' lang='lat' dir='ltr'>Communitatem,</span> <span class='ocrx_word' id='word_1_93' title='bbox 1522 1076 1601 1111; x_wconf 90' lang='lat' dir='ltr'>aut</span> <span class='ocrx_word' id='word_1_94' title='bbox 1650 1081 1730 1128; x_wconf 90' lang='lat' dir='ltr'>per</span> <span class='ocrx_word' id='word_1_95' title='bbox 1775 1063 1977 1128; x_wconf 83' lang='lat' dir='ltr'>aliquam</span> 
     </span>
     <span class='ocr_line' id='line_1_14' title="bbox 370 1131 1979 1198; baseline -0.001 -18"><span class='ocrx_word' id='word_1_96' title='bbox 370 1133 505 1180; x_wconf 91' lang='lat' dir='ltr'>aliam</span> <span class='ocrx_word' id='word_1_97' title='bbox 531 1149 774 1196; x_wconf 89' lang='lat' dir='ltr'>personam</span> <span class='ocrx_word' id='word_1_98' title='bbox 800 1150 886 1196; x_wconf 94' lang='lat' dir='ltr'>pro</span> <span class='ocrx_word' id='word_1_99' title='bbox 909 1133 1082 1181; x_wconf 88' lang='lat' dir='ltr'>eisdem</span> <span class='ocrx_word' id='word_1_100' title='bbox 1111 1133 1311 1198; x_wconf 87' lang='lat' dir='ltr'>Majore,</span> <span class='ocrx_word' id='word_1_101' title='bbox 1330 1132 1524 1190; x_wconf 83' lang='lat' dir='ltr'>Ballivo,</span> <span class='ocrx_word' id='word_1_102' title='bbox 1544 1143 1590 1179; x_wconf 92' lang='lat' dir='ltr'>et</span> <span class='ocrx_word' id='word_1_103' title='bbox 1610 1131 1979 1187; x_wconf 88' lang='lat' dir='ltr'>Communitate,</span> 
     </span>
     <span class='ocr_line' id='line_1_15' title="bbox 372 1198 1981 1275; baseline -0.001 -28"><span class='ocrx_word' id='word_1_104' title='bbox 372 1212 450 1247; x_wconf 90' lang='lat' dir='ltr'>aut</span> <span class='ocrx_word' id='word_1_105' title='bbox 477 1200 748 1247; x_wconf 79' lang='lat' dir='ltr'>nominibus</span> <span class='ocrx_word' id='word_1_106' title='bbox 783 1200 894 1258; x_wconf 83' lang='lat' dir='ltr'>suiS,</span> <span class='ocrx_word' id='word_1_107' title='bbox 921 1218 1000 1263; x_wconf 90' lang='lat' dir='ltr'>per</span> <span class='ocrx_word' id='word_1_108' title='bbox 1034 1200 1238 1265; x_wconf 88' lang='lat' dir='ltr'>aliquem</span> <span class='ocrx_word' id='word_1_109' title='bbox 1273 1211 1560 1257; x_wconf 87' lang='lat' dir='ltr'>testatorem,</span> <span class='ocrx_word' id='word_1_110' title='bbox 1585 1216 1665 1246; x_wconf 91' lang='lat' dir='ltr'>seu</span> <span class='ocrx_word' id='word_1_111' title='bbox 1702 1215 1789 1263; x_wconf 88' lang='lat' dir='ltr'>pro</span> <span class='ocrx_word' id='word_1_112' title='bbox 1823 1198 1981 1275; x_wconf 88' lang='lat' dir='ltr'>aliquo</span> 
     </span>
     <span class='ocr_line' id='line_1_16' title="bbox 372 1266 1980 1333; baseline -0.001 -19"><span class='ocrx_word' id='word_1_113' title='bbox 372 1280 589 1315; x_wconf 89' lang='lat' dir='ltr'>testatore</span> <span class='ocrx_word' id='word_1_114' title='bbox 624 1268 882 1314; x_wconf 89' lang='lat' dir='ltr'>eorundem</span> <span class='ocrx_word' id='word_1_115' title='bbox 922 1267 1138 1333; x_wconf 80' lang='lat' dir='ltr'>MajoriS,</span> <span class='ocrx_word' id='word_1_116' title='bbox 1176 1268 1358 1324; x_wconf 90' lang='lat' dir='ltr'>Ballivi,</span> <span class='ocrx_word' id='word_1_117' title='bbox 1394 1279 1439 1314; x_wconf 93' lang='lat' dir='ltr'>et</span> <span class='ocrx_word' id='word_1_118' title='bbox 1477 1267 1858 1322; x_wconf 75' lang='lat' dir='ltr'>Communitati8‚</span> <span class='ocrx_word' id='word_1_119' title='bbox 1883 1266 1980 1313; x_wconf 89' lang='lat' dir='ltr'>sive</span> 
     </span>
     <span class='ocr_line' id='line_1_17' title="bbox 371 1334 1981 1400; baseline -0.001 -18"><span class='ocrx_word' id='word_1_120' title='bbox 371 1353 453 1399; x_wconf 91' lang='lat' dir='ltr'>per</span> <span class='ocrx_word' id='word_1_121' title='bbox 499 1335 700 1400; x_wconf 90' lang='lat' dir='ltr'>aliquem</span> <span class='ocrx_word' id='word_1_122' title='bbox 748 1335 905 1393; x_wconf 88' lang='lat' dir='ltr'>alium,</span> <span class='ocrx_word' id='word_1_123' title='bbox 953 1352 1033 1382; x_wconf 91' lang='lat' dir='ltr'>seu</span> <span class='ocrx_word' id='word_1_124' title='bbox 1070 1353 1157 1399; x_wconf 90' lang='lat' dir='ltr'>pro</span> <span class='ocrx_word' id='word_1_125' title='bbox 1191 1335 1348 1400; x_wconf 92' lang='lat' dir='ltr'>aliquo</span> <span class='ocrx_word' id='word_1_126' title='bbox 1395 1335 1486 1381; x_wconf 91' lang='lat' dir='ltr'>alio</span> <span class='ocrx_word' id='word_1_127' title='bbox 1532 1334 1810 1381; x_wconf 84' lang='lat' dir='ltr'>obintestate</span> <span class='ocrx_word' id='word_1_128' title='bbox 1846 1334 1981 1381; x_wconf 89' lang='lat' dir='ltr'>dece-</span> 
     </span>
     <span class='ocr_line' id='line_1_18' title="bbox 372 1400 1979 1467; baseline -0.001 -18"><span class='ocrx_word' id='word_1_129' title='bbox 372 1404 527 1461; x_wconf 87' lang='lat' dir='ltr'>dente,</span> <span class='ocrx_word' id='word_1_130' title='bbox 565 1402 695 1467; x_wconf 90' lang='lat' dir='ltr'>cujus</span> <span class='ocrx_word' id='word_1_131' title='bbox 736 1403 1135 1449; x_wconf 89' lang='lat' dir='ltr'>administratores</span> <span class='ocrx_word' id='word_1_132' title='bbox 1170 1402 1404 1449; x_wconf 90' lang='lat' dir='ltr'>bonorum</span> <span class='ocrx_word' id='word_1_133' title='bbox 1441 1413 1486 1448; x_wconf 92' lang='lat' dir='ltr'>et</span> <span class='ocrx_word' id='word_1_134' title='bbox 1528 1402 1801 1448; x_wconf 86' lang='lat' dir='ltr'>catallorum</span> <span class='ocrx_word' id='word_1_135' title='bbox 1840 1400 1979 1448; x_wconf 90' lang='lat' dir='ltr'>iidem</span> 
     </span>
     <span class='ocr_line' id='line_1_19' title="bbox 375 1468 1982 1535; baseline -0.001 -19"><span class='ocrx_word' id='word_1_136' title='bbox 375 1469 550 1535; x_wconf 86' lang='lat' dir='ltr'>Major,</span> <span class='ocrx_word' id='word_1_137' title='bbox 590 1470 812 1526; x_wconf 84' lang='lat' dir='ltr'>Ballivus,</span> <span class='ocrx_word' id='word_1_138' title='bbox 849 1481 896 1516; x_wconf 89' lang='lat' dir='ltr'>et</span> <span class='ocrx_word' id='word_1_139' title='bbox 932 1469 1257 1517; x_wconf 89' lang='lat' dir='ltr'>Communitas</span> <span class='ocrx_word' id='word_1_140' title='bbox 1296 1470 1511 1527; x_wconf 86' lang='lat' dir='ltr'>existant,</span> <span class='ocrx_word' id='word_1_141' title='bbox 1547 1469 1682 1516; x_wconf 87' lang='lat' dir='ltr'>alicui</span> <span class='ocrx_word' id='word_1_142' title='bbox 1723 1468 1982 1523; x_wconf 85' lang='lat' dir='ltr'>mercatori,</span> 
     </span>
     <span class='ocr_line' id='line_1_20' title="bbox 374 1535 1979 1602; baseline -0.001 -18"><span class='ocrx_word' id='word_1_143' title='bbox 374 1548 453 1584; x_wconf 88' lang='lat' dir='ltr'>aut</span> <span class='ocrx_word' id='word_1_144' title='bbox 489 1536 573 1584; x_wconf 89' lang='lat' dir='ltr'>alie</span> <span class='ocrx_word' id='word_1_145' title='bbox 599 1553 808 1600; x_wconf 87' lang='lat' dir='ltr'>persone,</span> <span class='ocrx_word' id='word_1_146' title='bbox 849 1536 921 1583; x_wconf 92' lang='lat' dir='ltr'>vel</span> <span class='ocrx_word' id='word_1_147' title='bbox 957 1537 1190 1602; x_wconf 88' lang='lat' dir='ltr'>aliquibus</span> <span class='ocrx_word' id='word_1_148' title='bbox 1225 1538 1432 1601; x_wconf 89' lang='lat' dir='ltr'>personis</span> <span class='ocrx_word' id='word_1_149' title='bbox 1467 1536 1694 1583; x_wconf 88' lang='lat' dir='ltr'>extraneis</span> <span class='ocrx_word' id='word_1_150' title='bbox 1731 1535 1863 1595; x_wconf 79' lang='lat' dir='ltr'>natiS,</span> <span class='ocrx_word' id='word_1_151' title='bbox 1899 1552 1979 1582; x_wconf 89' lang='lat' dir='ltr'>seu</span> 
     </span>
     <span class='ocr_line' id='line_1_21' title="bbox 375 1602 1982 1668; baseline -0.002 -16"><span class='ocrx_word' id='word_1_152' title='bbox 375 1604 493 1652; x_wconf 89' lang='lat' dir='ltr'>natis</span> <span class='ocrx_word' id='word_1_153' title='bbox 529 1615 659 1651; x_wconf 88' lang='lat' dir='ltr'>extra</span> <span class='ocrx_word' id='word_1_154' title='bbox 694 1621 893 1668; x_wconf 87' lang='lat' dir='ltr'>regnum</span> <span class='ocrx_word' id='word_1_155' title='bbox 929 1621 1008 1650; x_wconf 90' lang='lat' dir='ltr'>seu</span> <span class='ocrx_word' id='word_1_156' title='bbox 1057 1604 1372 1652; x_wconf 88' lang='lat' dir='ltr'>obedienciam</span> <span class='ocrx_word' id='word_1_157' title='bbox 1411 1615 1630 1652; x_wconf 89' lang='lat' dir='ltr'>nostram.</span> <span class='ocrx_word' id='word_1_158' title='bbox 1671 1603 1741 1650; x_wconf 92' lang='lat' dir='ltr'>vel</span> <span class='ocrx_word' id='word_1_159' title='bbox 1789 1602 1982 1668; x_wconf 87' lang='lat' dir='ltr'>alicujus</span> 
     </span>
     <span class='ocr_line' id='line_1_22' title="bbox 374 1655 1982 1747; baseline -0.001 -30"><span class='ocrx_word' id='word_1_160' title='bbox 374 1672 729 1747; x_wconf 80' lang='lat' dir='ltr'>progenitorum</span> <span class='ocrx_word' id='word_1_161' title='bbox 775 1682 1058 1728; x_wconf 87' lang='lat' dir='ltr'>nostrorum,</span> <span class='ocrx_word' id='word_1_162' title='bbox 1122 1690 1209 1736; x_wconf 91' lang='lat' dir='ltr'>pro</span> <span class='ocrx_word' id='word_1_163' title='bbox 1265 1672 1498 1736; x_wconf 91' lang='lat' dir='ltr'>aliquibus</span> <span class='ocrx_word' id='word_1_164' title='bbox 1555 1655 1853 1718; x_wconf 83' lang='lat' dir='ltr'>mercandisis</span> <span class='ocrx_word' id='word_1_165' title='bbox 1908 1668 1982 1717; x_wconf 90' lang='lat' dir='ltr'>vel</span> 
     </span>
     <span class='ocr_line' id='line_1_23' title="bbox 376 1738 1982 1802; baseline -0.001 -17"><span class='ocrx_word' id='word_1_166' title='bbox 376 1739 690 1785; x_wconf 89' lang='lat' dir='ltr'>mercimoniis</span> <span class='ocrx_word' id='word_1_167' title='bbox 737 1756 819 1802; x_wconf 92' lang='lat' dir='ltr'>per</span> <span class='ocrx_word' id='word_1_168' title='bbox 861 1739 983 1786; x_wconf 86' lang='lat' dir='ltr'>viam</span> <span class='ocrx_word' id='word_1_169' title='bbox 1024 1739 1239 1786; x_wconf 84' lang='lat' dir='ltr'>escambii</span> <span class='ocrx_word' id='word_1_170' title='bbox 1300 1751 1380 1786; x_wconf 87' lang='lat' dir='ltr'>aut</span> <span class='ocrx_word' id='word_1_171' title='bbox 1426 1738 1571 1795; x_wconf 90' lang='lat' dir='ltr'>aliter,</span> <span class='ocrx_word' id='word_1_172' title='bbox 1613 1755 1692 1785; x_wconf 88' lang='lat' dir='ltr'>seu</span> <span class='ocrx_word' id='word_1_173' title='bbox 1731 1738 1822 1784; x_wconf 92' lang='lat' dir='ltr'>alio</span> <span class='ocrx_word' id='word_1_174' title='bbox 1861 1753 1982 1801; x_wconf 91' lang='lat' dir='ltr'>quo-</span> 
     </span>
     <span class='ocr_line' id='line_1_24' title="bbox 376 1805 1980 1870; baseline -0.001 -17"><span class='ocrx_word' id='word_1_175' title='bbox 376 1823 578 1870; x_wconf 88' lang='lat' dir='ltr'>cumque</span> <span class='ocrx_word' id='word_1_176' title='bbox 615 1806 758 1853; x_wconf 92' lang='lat' dir='ltr'>modo</span> <span class='ocrx_word' id='word_1_177' title='bbox 782 1817 888 1853; x_wconf 89' lang='lat' dir='ltr'>ante</span> <span class='ocrx_word' id='word_1_178' title='bbox 921 1807 1183 1869; x_wconf 88' lang='lat' dir='ltr'>predictum</span> <span class='ocrx_word' id='word_1_179' title='bbox 1209 1807 1334 1854; x_wconf 89' lang='lat' dir='ltr'>diem</span> <span class='ocrx_word' id='word_1_180' title='bbox 1363 1806 1537 1852; x_wconf 90' lang='lat' dir='ltr'>solutas</span> <span class='ocrx_word' id='word_1_181' title='bbox 1571 1806 1667 1852; x_wconf 92' lang='lat' dir='ltr'>sive</span> <span class='ocrx_word' id='word_1_182' title='bbox 1692 1805 1980 1860; x_wconf 88' lang='lat' dir='ltr'>deliberatas,</span> 
     </span>
     <span class='ocr_line' id='line_1_25' title="bbox 376 1872 1984 1939; baseline -0.001 -19"><span class='ocrx_word' id='word_1_183' title='bbox 376 1885 539 1920; x_wconf 89' lang='lat' dir='ltr'>contra</span> <span class='ocrx_word' id='word_1_184' title='bbox 569 1873 768 1920; x_wconf 88' lang='lat' dir='ltr'>formam</span> <span class='ocrx_word' id='word_1_185' title='bbox 805 1874 1048 1939; x_wconf 89' lang='lat' dir='ltr'>cujusdam</span> <span class='ocrx_word' id='word_1_186' title='bbox 1085 1885 1216 1921; x_wconf 90' lang='lat' dir='ltr'>actus</span> <span class='ocrx_word' id='word_1_187' title='bbox 1253 1875 1298 1920; x_wconf 90' lang='lat' dir='ltr'>in</span> <span class='ocrx_word' id='word_1_188' title='bbox 1336 1873 1640 1937; x_wconf 89' lang='lat' dir='ltr'>parliamento</span> <span class='ocrx_word' id='word_1_189' title='bbox 1674 1873 1797 1936; x_wconf 90' lang='lat' dir='ltr'>apud</span> <span class='ocrx_word' id='word_1_190' title='bbox 1825 1872 1984 1919; x_wconf 87' lang='lat' dir='ltr'>West-</span> 
     </span>
     <span class='ocr_line' id='line_1_26' title="bbox 378 1937 1979 2005; baseline -0.001 -18"><span class='ocrx_word' id='word_1_191' title='bbox 378 1941 712 1987; x_wconf 88' lang='lat' dir='ltr'>monasterium</span> <span class='ocrx_word' id='word_1_192' title='bbox 764 1958 886 1988; x_wconf 90' lang='lat' dir='ltr'>anno</span> <span class='ocrx_word' id='word_1_193' title='bbox 944 1942 1073 2005; x_wconf 86' lang='lat' dir='ltr'>regni</span> <span class='ocrx_word' id='word_1_194' title='bbox 1123 1942 1426 2005; x_wconf 90' lang='lat' dir='ltr'>precarissimi</span> <span class='ocrx_word' id='word_1_195' title='bbox 1487 1941 1629 2004; x_wconf 88' lang='lat' dir='ltr'>patris</span> <span class='ocrx_word' id='word_1_196' title='bbox 1688 1940 1832 1987; x_wconf 85' lang='lat' dir='ltr'>nostri</span> <span class='ocrx_word' id='word_1_197' title='bbox 1892 1937 1979 1986; x_wconf 90' lang='lat' dir='ltr'>.H.</span> 
     </span>
     <span class='ocr_line' id='line_1_27' title="bbox 376 2005 1983 2073; baseline -0.002 -18"><span class='ocrx_word' id='word_1_198' title='bbox 376 2008 566 2071; x_wconf 89' lang='lat' dir='ltr'>Septimi</span> <span class='ocrx_word' id='word_1_199' title='bbox 615 2019 786 2072; x_wconf 91' lang='lat' dir='ltr'>quarto</span> <span class='ocrx_word' id='word_1_200' title='bbox 825 2008 957 2065; x_wconf 91' lang='lat' dir='ltr'>editi,</span> <span class='ocrx_word' id='word_1_201' title='bbox 999 2019 1076 2055; x_wconf 86' lang='lat' dir='ltr'>aut</span> <span class='ocrx_word' id='word_1_202' title='bbox 1115 2020 1274 2055; x_wconf 90' lang='lat' dir='ltr'>contra</span> <span class='ocrx_word' id='word_1_203' title='bbox 1311 2007 1509 2055; x_wconf 91' lang='lat' dir='ltr'>formam</span> <span class='ocrx_word' id='word_1_204' title='bbox 1557 2008 1751 2073; x_wconf 90' lang='lat' dir='ltr'>alicujus</span> <span class='ocrx_word' id='word_1_205' title='bbox 1796 2005 1983 2053; x_wconf 88' lang='lat' dir='ltr'>alterius</span> 
     </span>
     <span class='ocr_line' id='line_1_28' title="bbox 373 2074 1983 2138; baseline -0.001 -17"><span class='ocrx_word' id='word_1_206' title='bbox 373 2075 536 2122; x_wconf 90' lang='lat' dir='ltr'>statuti</span> <span class='ocrx_word' id='word_1_207' title='bbox 585 2086 715 2122; x_wconf 87' lang='lat' dir='ltr'>actus</span> <span class='ocrx_word' id='word_1_208' title='bbox 756 2075 851 2121; x_wconf 89' lang='lat' dir='ltr'>sive</span> <span class='ocrx_word' id='word_1_209' title='bbox 893 2076 1204 2123; x_wconf 87' lang='lat' dir='ltr'>ordinacionis</span> <span class='ocrx_word' id='word_1_210' title='bbox 1246 2077 1352 2124; x_wconf 90' lang='lat' dir='ltr'>inde</span> <span class='ocrx_word' id='word_1_211' title='bbox 1393 2087 1498 2122; x_wconf 88' lang='lat' dir='ltr'>ante</span> <span class='ocrx_word' id='word_1_212' title='bbox 1552 2075 1814 2138; x_wconf 91' lang='lat' dir='ltr'>predictum</span> <span class='ocrx_word' id='word_1_213' title='bbox 1863 2074 1983 2120; x_wconf 89' lang='lat' dir='ltr'>vice·</span> 
     </span>
     <span class='ocr_line' id='line_1_29' title="bbox 376 2140 1983 2207; baseline -0.001 -19"><span class='ocrx_word' id='word_1_214' title='bbox 376 2143 547 2188; x_wconf 89' lang='lat' dir='ltr'>simum</span> <span class='ocrx_word' id='word_1_215' title='bbox 590 2142 784 2189; x_wconf 90' lang='lat' dir='ltr'>tercium</span> <span class='ocrx_word' id='word_1_216' title='bbox 827 2142 951 2189; x_wconf 90' lang='lat' dir='ltr'>diem</span> <span class='ocrx_word' id='word_1_217' title='bbox 992 2143 1103 2190; x_wconf 89' lang='lat' dir='ltr'>editi</span> <span class='ocrx_word' id='word_1_218' title='bbox 1146 2144 1241 2189; x_wconf 91' lang='lat' dir='ltr'>sive</span> <span class='ocrx_word' id='word_1_219' title='bbox 1284 2143 1489 2207; x_wconf 90' lang='lat' dir='ltr'>provisi:</span> <span class='ocrx_word' id='word_1_220' title='bbox 1545 2159 1594 2189; x_wconf 89' lang='lat' dir='ltr'>ac</span> <span class='ocrx_word' id='word_1_221' title='bbox 1641 2158 1802 2189; x_wconf 87' lang='lat' dir='ltr'>omnes</span> <span class='ocrx_word' id='word_1_222' title='bbox 1847 2140 1983 2188; x_wconf 84' lang='lat' dir='ltr'>foris-</span> 
     </span>
     <span class='ocr_line' id='line_1_30' title="bbox 377 2208 1983 2274; baseline -0.001 -18"><span class='ocrx_word' id='word_1_223' title='bbox 377 2209 578 2256; x_wconf 88' lang='lat' dir='ltr'>facturas</span> <span class='ocrx_word' id='word_1_224' title='bbox 601 2220 646 2256; x_wconf 90' lang='lat' dir='ltr'>et</span> <span class='ocrx_word' id='word_1_225' title='bbox 672 2209 972 2273; x_wconf 88' lang='lat' dir='ltr'>pecuniarum</span> <span class='ocrx_word' id='word_1_226' title='bbox 999 2226 1204 2257; x_wconf 89' lang='lat' dir='ltr'>summas</span> <span class='ocrx_word' id='word_1_227' title='bbox 1233 2210 1379 2267; x_wconf 89' lang='lat' dir='ltr'>nobis,</span> <span class='ocrx_word' id='word_1_228' title='bbox 1409 2211 1480 2256; x_wconf 91' lang='lat' dir='ltr'>vel</span> <span class='ocrx_word' id='word_1_229' title='bbox 1510 2210 1642 2256; x_wconf 84' lang='lat' dir='ltr'>alicui</span> <span class='ocrx_word' id='word_1_230' title='bbox 1670 2208 1983 2274; x_wconf 86' lang='lat' dir='ltr'>progenitori-</span> 
     </span>
     <span class='ocr_line' id='line_1_31' title="bbox 378 2277 1979 2341; baseline -0.001 -17"><span class='ocrx_word' id='word_1_231' title='bbox 378 2278 465 2324; x_wconf 88' lang='lat' dir='ltr'>bus</span> <span class='ocrx_word' id='word_1_232' title='bbox 492 2277 674 2334; x_wconf 86' lang='lat' dir='ltr'>nostris,</span> <span class='ocrx_word' id='word_1_233' title='bbox 711 2294 761 2322; x_wconf 88' lang='lat' dir='ltr'>ea</span> <span class='ocrx_word' id='word_1_234' title='bbox 793 2277 1029 2324; x_wconf 91' lang='lat' dir='ltr'>occasione</span> <span class='ocrx_word' id='word_1_235' title='bbox 1066 2278 1348 2341; x_wconf 89' lang='lat' dir='ltr'>pertinentes</span> <span class='ocrx_word' id='word_1_236' title='bbox 1377 2277 1556 2325; x_wconf 87' lang='lat' dir='ltr'>debitas</span> <span class='ocrx_word' id='word_1_237' title='bbox 1582 2277 1677 2324; x_wconf 88' lang='lat' dir='ltr'>sive</span> <span class='ocrx_word' id='word_1_238' title='bbox 1711 2286 1979 2340; x_wconf 84' lang='lat' dir='ltr'>spectantes.</span> 
     </span>
     <span class='ocr_line' id='line_1_32' title="bbox 377 2342 1980 2406; baseline 0 -16"><span class='ocrx_word' id='word_1_239' title='bbox 377 2346 622 2390; x_wconf 68' lang='lat' dir='ltr'>AeneiAM</span> <span class='ocrx_word' id='word_1_240' title='bbox 674 2344 1002 2406; x_wconf 88' lang='lat' dir='ltr'>perdonamus,</span> <span class='ocrx_word' id='word_1_241' title='bbox 1061 2345 1344 2392; x_wconf 81' lang='lat' dir='ltr'>remittimus</span> <span class='ocrx_word' id='word_1_242' title='bbox 1400 2356 1445 2392; x_wconf 90' lang='lat' dir='ltr'>et</span> <span class='ocrx_word' id='word_1_243' title='bbox 1504 2343 1760 2391; x_wconf 88' lang='lat' dir='ltr'>relaxamus</span> <span class='ocrx_word' id='word_1_244' title='bbox 1818 2342 1980 2391; x_wconf 91' lang='lat' dir='ltr'>iisdem</span> 
     </span>
     <span class='ocr_line' id='line_1_33' title="bbox 380 2410 1982 2476; baseline -0.001 -18"><span class='ocrx_word' id='word_1_245' title='bbox 380 2411 571 2476; x_wconf 84' lang='lat' dir='ltr'>Majori,</span> <span class='ocrx_word' id='word_1_246' title='bbox 620 2411 814 2468; x_wconf 91' lang='lat' dir='ltr'>Ballivo,</span> <span class='ocrx_word' id='word_1_247' title='bbox 860 2423 905 2458; x_wconf 90' lang='lat' dir='ltr'>et</span> <span class='ocrx_word' id='word_1_248' title='bbox 954 2412 1291 2459; x_wconf 90' lang='lat' dir='ltr'>Communitati</span> <span class='ocrx_word' id='word_1_249' title='bbox 1338 2412 1632 2459; x_wconf 89' lang='lat' dir='ltr'>omnimodas</span> <span class='ocrx_word' id='word_1_250' title='bbox 1667 2410 1982 2467; x_wconf 80' lang='lat' dir='ltr'>alienaciones,</span> 
     </span>
     <span class='ocr_line' id='line_1_34' title="bbox 376 2476 1982 2543; baseline 0 -19"><span class='ocrx_word' id='word_1_251' title='bbox 376 2478 670 2535; x_wconf 90' lang='lat' dir='ltr'>donaciones,</span> <span class='ocrx_word' id='word_1_252' title='bbox 718 2490 763 2524; x_wconf 91' lang='lat' dir='ltr'>et</span> <span class='ocrx_word' id='word_1_253' title='bbox 798 2478 1160 2543; x_wconf 89' lang='lat' dir='ltr'>perquisiciones</span> <span class='ocrx_word' id='word_1_254' title='bbox 1206 2481 1261 2527; x_wconf 92' lang='lat' dir='ltr'>ad</span> <span class='ocrx_word' id='word_1_255' title='bbox 1317 2496 1508 2526; x_wconf 88' lang='lat' dir='ltr'>manum</span> <span class='ocrx_word' id='word_1_256' title='bbox 1563 2490 1794 2525; x_wconf 86' lang='lat' dir='ltr'>mortuam</span> <span class='ocrx_word' id='word_1_257' title='bbox 1843 2476 1982 2525; x_wconf 80' lang='lat' dir='ltr'>factas</span> 
     </span>
     <span class='ocr_line' id='line_1_35' title="bbox 378 2544 1982 2611; baseline 0 -20"><span class='ocrx_word' id='word_1_258' title='bbox 378 2556 584 2609; x_wconf 89' lang='lat' dir='ltr'>receptas</span> <span class='ocrx_word' id='word_1_259' title='bbox 631 2545 726 2592; x_wconf 88' lang='lat' dir='ltr'>sive</span> <span class='ocrx_word' id='word_1_260' title='bbox 766 2546 956 2603; x_wconf 86' lang='lat' dir='ltr'>habitas,</span> <span class='ocrx_word' id='word_1_261' title='bbox 984 2547 1079 2593; x_wconf 90' lang='lat' dir='ltr'>sive</span> <span class='ocrx_word' id='word_1_262' title='bbox 1119 2547 1175 2594; x_wconf 88' lang='lat' dir='ltr'>ad</span> <span class='ocrx_word' id='word_1_263' title='bbox 1214 2547 1418 2611; x_wconf 90' lang='lat' dir='ltr'>aliquem</span> <span class='ocrx_word' id='word_1_264' title='bbox 1461 2563 1641 2604; x_wconf 87' lang='lat' dir='ltr'>eorum,</span> <span class='ocrx_word' id='word_1_265' title='bbox 1682 2547 1751 2592; x_wconf 87' lang='lat' dir='ltr'>vel</span> <span class='ocrx_word' id='word_1_266' title='bbox 1789 2544 1982 2610; x_wconf 84' lang='lat' dir='ltr'>alicujus</span> 
     </span>
     <span class='ocr_line' id='line_1_36' title="bbox 379 2610 1983 2675; baseline 0 -17"><span class='ocrx_word' id='word_1_267' title='bbox 379 2613 753 2675; x_wconf 88' lang='lat' dir='ltr'>predecessorum</span> <span class='ocrx_word' id='word_1_268' title='bbox 787 2630 978 2660; x_wconf 89' lang='lat' dir='ltr'>suorum</span> <span class='ocrx_word' id='word_1_269' title='bbox 1004 2624 1048 2660; x_wconf 90' lang='lat' dir='ltr'>et</span> <span class='ocrx_word' id='word_1_270' title='bbox 1087 2631 1404 2661; x_wconf 83' lang='lat' dir='ltr'>successorum</span> <span class='ocrx_word' id='word_1_271' title='bbox 1438 2630 1644 2669; x_wconf 87' lang='lat' dir='ltr'>suorum,</span> <span class='ocrx_word' id='word_1_272' title='bbox 1674 2629 1810 2659; x_wconf 89' lang='lat' dir='ltr'>usum</span> <span class='ocrx_word' id='word_1_273' title='bbox 1844 2610 1983 2659; x_wconf 80' lang='lat' dir='ltr'>factas</span> 
     </span>
     <span class='ocr_line' id='line_1_37' title="bbox 377 2679 1981 2745; baseline 0 -20"><span class='ocrx_word' id='word_1_274' title='bbox 377 2692 420 2726; x_wconf 85' lang='lat' dir='ltr'>et</span> <span class='ocrx_word' id='word_1_275' title='bbox 483 2679 659 2726; x_wconf 85' lang='lat' dir='ltr'>habitas</span> <span class='ocrx_word' id='word_1_276' title='bbox 726 2680 899 2744; x_wconf 88' lang='lat' dir='ltr'>absque</span> <span class='ocrx_word' id='word_1_277' title='bbox 970 2681 1157 2727; x_wconf 87' lang='lat' dir='ltr'>licencia</span> <span class='ocrx_word' id='word_1_278' title='bbox 1228 2682 1385 2745; x_wconf 86' lang='lat' dir='ltr'>regia;</span> <span class='ocrx_word' id='word_1_279' title='bbox 1441 2698 1618 2728; x_wconf 90' lang='lat' dir='ltr'>necnon</span> <span class='ocrx_word' id='word_1_280' title='bbox 1689 2679 1981 2726; x_wconf 76' lang='lat' dir='ltr'>omnimodas</span> 
     </span>
     <span class='ocr_line' id='line_1_38' title="bbox 378 2746 1981 2812; baseline 0.001 -21"><span class='ocrx_word' id='word_1_281' title='bbox 378 2748 655 2793; x_wconf 84' lang='lat' dir='ltr'>intrusiones</span> <span class='ocrx_word' id='word_1_282' title='bbox 713 2760 757 2793; x_wconf 88' lang='lat' dir='ltr'>et</span> <span class='ocrx_word' id='word_1_283' title='bbox 819 2749 1051 2812; x_wconf 84' lang='lat' dir='ltr'>ingressus</span> <span class='ocrx_word' id='word_1_284' title='bbox 1109 2749 1153 2794; x_wconf 85' lang='lat' dir='ltr'>in</span> <span class='ocrx_word' id='word_1_285' title='bbox 1227 2748 1494 2812; x_wconf 85' lang='lat' dir='ltr'>temporalia</span> <span class='ocrx_word' id='word_1_286' title='bbox 1544 2746 1981 2811; x_wconf 77' lang='lat' dir='ltr'>Archiepiscopatus</span> 
     </span>
    </p>
   </div>
   <div class='ocr_carea' id='block_1_3' title="bbox 2017 0 2181 3155">
    <p class='ocr_par' dir='ltr' id='par_1_3' title="bbox 2017 0 2181 3155">
     <span class='ocr_line' id='line_1_39' title="bbox 2017 0 2181 3155; baseline 0 0"><span class='ocrx_word' id='word_1_287' title='bbox 2017 0 2181 3155; x_wconf 95' lang='lat' dir='ltr'> </span> 
     </span>
    </p>
   </div>
  </div>
 </body>
</html>
