2181 3155
358 231 379 263 2
392 220 452 263 80
835 214 1073 262 DOVER
1113 214 1482 262 CHARTERS

1071 413 1251 466 XCI.

861 536 906 588 iij
941 536 1069 586 Julii,
1109 545 1157 587 14
1192 535 1310 577 Hen.
1344 534 1452 577 vn.

354 638 550 686 ScrANT
575 648 810 702 presentes
833 649 879 684 et
909 637 1055 684 futuri
1093 639 1222 702 quod
1260 654 1363 702 ego,
1403 636 1629 684 Ricardus
1665 638 1869 691 Barowe‚
1906 635 1964 682 de
2042 656 2048 664 ·

352 705 586 762 Dovorra,
640 705 747 752 dedi
806 705 1007 751 concessi
1051 717 1112 762 et,
1155 705 1237 751 hac
1279 705 1481 768 presenti
1531 716 1654 751 carta
1694 720 1808 759 mea,
1852 719 1965 749 con-

354 771 533 819 firmavi
558 771 734 833 Jacobo
756 772 933 832 Justice
957 773 1014 819 de
1039 772 1216 829 eadem,
1241 783 1286 818 et
1307 771 1513 831 Isabelle,
1540 771 1671 818 uxori
1694 787 1789 827 sue,
1814 786 1963 816 unum

353 839 605 903 gardinum
631 856 737 886 cum
775 839 1070 902 pertinenciis
1100 839 1331 905 jacentem
1358 838 1478 886 infra
1502 838 1763 885 libertatem
1790 838 1966 884 Portus

357 907 572 953 Dovorre
612 907 658 952 in
697 907 1128 963 Bouremanwmde,
1167 907 1287 954 inter
1329 923 1627 953 communem
1665 905 1895 952 venellam
1918 914 1965 950 et

354 986 525 1020 terram
552 973 778 1020 heredum
809 973 1026 1020 Nicholai
1054 973 1181 1036 ffyne
1206 991 1366 1020 versus
1392 985 1518 1031 west,
1545 986 1710 1020 terram
1738 971 1963 1018 heredum

354 1040 467 1087 dicti
494 1040 727 1098 Nicholai,
754 1041 949 1106 Regiam
975 1052 1163 1088 stratam
1188 1052 1233 1088 et
1266 1052 1437 1087 terram
1474 1040 1697 1088 heredum
1734 1037 1963 1086 Willelmi

358 1107 586 1170 Mytrone
627 1125 788 1154 versus
829 1109 986 1165 north,
1030 1119 1198 1155 terram
1232 1108 1456 1156 heredum
1494 1108 1605 1155 dicti
1651 1106 1877 1153 Willelmi
1919 1116 1967 1152 et

354 1185 526 1221 terram
569 1175 794 1222 heredum
835 1175 1060 1236 Johannis
1107 1176 1318 1238 Penyote
1364 1192 1524 1222 versus
1565 1185 1675 1231 east,
1711 1186 1757 1221 et
1794 1185 1965 1220 terram

355 1242 539 1289 Ricardi
578 1242 698 1289 Cant
733 1259 894 1289 versus
918 1244 1125 1289 sowthe:
1169 1242 1364 1289 habend'
1400 1254 1447 1289 et
1483 1242 1670 1289 tenend'
1702 1241 1964 1304 predictum

360 1309 653 1374 [gardinum]
708 1326 815 1356 cum
864 1310 1159 1373 pertinenciis
1211 1309 1402 1373 prefatis
1447 1309 1623 1370 Jacobo
1669 1321 1714 1355 et
1759 1307 1964 1364 Isabelle,

359 1376 606 1423 heredibus
647 1387 692 1423 et
735 1377 975 1441 assignatis
1016 1377 1124 1434 suis,
1168 1377 1550 1440 imperpetuum:
1607 1375 1821 1423 ffaciend’
1859 1375 1967 1422 inde

356 1443 605 1490 servicium
647 1444 843 1491 domino
889 1444 1002 1508 Regi
1048 1445 1305 1491 secundum
1360 1443 1749 1491 consuetudinem
1803 1453 1967 1506 portus

355 1511 552 1575 predicti
592 1528 698 1557 cum
736 1511 969 1570 acciderit,
1008 1529 1058 1558 ac
1096 1511 1197 1558 aliis
1225 1511 1430 1558 dominis
1455 1510 1580 1558 feodi
1618 1511 1740 1557 illius
1766 1527 1845 1574 per
1869 1527 1965 1556 ser-

358 1578 474 1624 vicia
509 1578 619 1625 inde
655 1578 720 1625 eis
755 1578 911 1626 debita
947 1590 993 1625 et
1026 1579 1209 1644 dejure
1234 1590 1486 1625 consueta:
1525 1590 1571 1625 et
1596 1594 1701 1642 ego,
1728 1577 1966 1642 predictus

359 1645 585 1692 Ricardus
637 1647 817 1703 Barow,
871 1646 1063 1693 heredes
1110 1663 1215 1702 mel,
1267 1645 1529 1709 predictum
1566 1645 1813 1720 gardinum
1859 1661 1965 1691 cum

356 1713 652 1776 pertinenciis
677 1712 868 1777 prefatis
894 1713 1071 1774 Jacobo
1090 1725 1134 1760 et
1156 1713 1358 1771 Isabelle,
1386 1713 1632 1760 heredibus
1656 1723 1701 1760 et
1726 1711 1968 1777 assignatis

358 1780 469 1836 suis,
495 1790 658 1827 contra
682 1797 844 1827 omnes
868 1792 1029 1845 gentes
1053 1781 1459 1828 warantizabimus
1484 1781 1847 1844 imperpetuum.

459 1847 513 1894 In
539 1847 670 1912 cujus
695 1847 759 1894 rei
785 1848 1112 1896 testimonium
1138 1848 1243 1895 huic
1270 1848 1468 1912 presenti
1495 1859 1616 1894 carte
1642 1865 1741 1894 mee
1759 1846 1966 1912 sigillum

360 1931 517 1960 meum
542 1915 749 1978 apposui.

463 1983 587 2028 Data
623 1982 748 2045 apud
789 1983 1056 2029 Dovorram
1096 1982 1353 2046 predictam
1392 1981 1538 2029 tercio
1575 1982 1651 2029 die
1687 1981 1801 2042 Julii
1845 1997 1967 2027 anno

359 2048 489 2112 regni
519 2049 658 2113 Regis
683 2049 881 2096 Henrici
907 2050 1091 2112 septimi
1121 2050 1307 2114 Anglie,
1332 2060 1501 2114 quarto
1524 2049 1717 2096 decimo,

462 2115 576 2162 Hiis
610 2116 838 2163 testibus:
876 2117 1090 2176 Johanne
1128 2117 1389 2180 Byngham,
1428 2128 1539 2163 tunc
1571 2116 1788 2181 Maj0re;
1828 2114 1968 2162 Hen-

361 2183 459 2229 rico
501 2183 683 2247 Balgy;
724 2184 928 2232 Ricardo
971 2184 1126 2240 Cant;
1166 2184 1383 2232 Henrico
1424 2195 1470 2230 at
1513 2184 1684 2239 Wode,
1728 2181 1966 2230 communi

361 2249 561 2307 clerico;
601 2250 811 2297 Roberto
838 2252 1052 2314 Martyn,
1077 2251 1304 2298 serviente
1333 2250 1532 2316 Majoris
1555 2267 1566 2307 ;
1603 2263 1647 2298 et
1673 2250 1786 2297 aliis.

363 2547 504 2610 [¹48]
