2181 3155
384 188 478 235 260
860 187 1098 235 DOVER
1137 186 1507 235 CHARTERS

1000 319 1046 369 L
1062 319 1119 368 X
1138 318 1195 368 X
1214 318 1271 368 X
1291 318 1313 368 1
1335 318 1375 368 1.

828 431 841 472 i
872 430 1176 483 Septembris,
1210 439 1260 481 13
1290 430 1419 472 Edw.
1455 430 1531 471 IV.

387 529 505 576 Hae
544 530 793 576 indentura
816 540 1013 576 testatur
1045 529 1174 592 quod
1199 527 1410 575 Thomas
1444 529 1599 584 Toke,
1627 527 1786 593 Major
1813 527 1921 574 ville
1944 543 1994 573 ac

386 597 559 643 Portus
618 598 852 654 Dovorre,
923 596 1164 643 Henricus
1232 595 1441 660 Elphyn,
1500 594 1709 641 Thomas
1780 595 1994 657 Martyn,

388 663 656 710 Willelmus
679 663 838 724 Jacob,
863 673 909 710 et
939 663 1207 710 Willelmus
1237 663 1395 726 Dyere
1413 663 1590 728 junior,
1617 662 1849 709 Custodes
1873 661 1995 708 dicte

388 730 511 787 ville,
560 731 765 777 unanimi
825 747 1010 777 assensu
1056 742 1102 778 et
1160 747 1386 777 consensu
1434 730 1583 776 tocius
1630 728 2002 776 Communitatis

387 798 596 862 ejusdem
638 797 745 844 ville
782 798 1077 845 tradiderunt
1113 808 1436 845 concesserunt
1472 808 1517 843 et
1559 797 1614 843 ad
1652 795 1776 843 feodi
1814 796 1995 842 firmam

390 865 669 913 dimiserunt
693 865 896 925 Johanni
934 864 1114 911 ffullare
1140 882 1278 912 unam
1316 881 1508 912 vacuam
1536 864 1711 927 peciam
1744 875 1860 910 terre
1889 879 1997 910 cum

390 933 485 979 suis
522 932 818 995 pertinenciis
841 932 1074 997 jacentem
1114 931 1235 979 infra
1271 932 1533 979 libertatem
1575 931 1748 978 Portus
1786 932 2002 977 Dovorre

391 1000 438 1045 in
480 999 873 1064 Snargatewarde‚
914 999 1035 1046 inter
1082 1010 1253 1046 terram
1299 999 1527 1060 Johannis
1575 998 1796 1061 ffrewyne
1845 1013 2002 1044 versus

392 1067 618 1124 northest,
661 1067 854 1132 Regiam
896 1077 1086 1113 stratam
1117 1084 1279 1113 versus
1325 1067 1564 1123 sowthest,
1607 1077 1777 1112 terram
1814 1065 2001 1111 Thome

393 1134 552 1181 Goore
576 1151 736 1181 versus
770 1134 1041 1192 southwest,
1066 1144 1112 1180 et
1145 1146 1317 1181 terram
1354 1133 1477 1180 dicte
1508 1134 1616 1179 ville
1643 1149 1803 1179 versus
1839 1132 2005 1179 north-

393 1212 535 1248 west:
575 1201 773 1248 habend'
799 1213 844 1248 et
878 1202 1065 1248 tenend'
1103 1202 1357 1265 predictam
1396 1200 1570 1264 peciam
1608 1211 1729 1246 terre
1767 1217 1874 1246 cum
1911 1199 2003 1245 suis

393 1268 690 1331 pertinenciis
736 1267 919 1332 prefato
975 1269 1178 1329 Johanni
1238 1268 1487 1315 heredibus
1532 1278 1577 1313 et
1623 1267 1864 1332 assignatis
1912 1266 2005 1312 suis

396 1336 779 1399 imperpetuum:
855 1335 1067 1382 ffaciend'
1128 1335 1235 1382 inde
1304 1335 1550 1382 servicium
1621 1335 1799 1381 domini
1868 1333 2005 1398 Regis

394 1403 651 1450 secundum
677 1403 1066 1450 consuetudinem
1103 1413 1270 1466 portus
1295 1402 1491 1466 predicti
1519 1421 1525 1447 :
1565 1413 1609 1448 et
1648 1401 1871 1448 reddend'
1897 1400 2004 1447 inde

395 1470 633 1517 annuatim
683 1470 858 1534 Majori
918 1470 1042 1517 dicte
1089 1470 1198 1516 ville
1244 1470 1323 1534 qui
1373 1486 1459 1532 pro
1506 1481 1719 1531 tempore
1772 1468 1913 1514 fuerit
1959 1478 2005 1514 et

395 1537 665 1584 custodibus
710 1537 917 1602 ejusdem
965 1538 1011 1583 in
1074 1537 1212 1584 Festo
1259 1537 1535 1584 Nativitatis
1580 1536 1733 1583 Sancti
1779 1535 2008 1597 Johannis

396 1605 604 1668 Baptiste
652 1621 729 1651 sex
775 1605 990 1651 denarios
1036 1604 1246 1651 annualis
1293 1604 1542 1659 redditus;
1595 1614 1641 1650 et
1690 1604 1723 1649 si
1767 1603 2006 1668 contingat

396 1672 575 1719 dictum
601 1671 844 1719 annualem
871 1672 1109 1720 redditum
1146 1688 1223 1718 sex
1247 1672 1545 1718 denariorum
1581 1682 1733 1717 aretro
1763 1669 1862 1717 fore
1887 1671 2009 1717 ultra

397 1740 652 1786 terminum
692 1740 953 1802 predictum
1001 1757 1082 1802 per
1124 1756 1273 1786 unum
1316 1755 1521 1786 mensem
1558 1750 1670 1784 tunc
1711 1737 1891 1785 licitum
1921 1737 2007 1784 erit

400 1807 577 1871 Majori
601 1818 647 1853 et
672 1806 960 1854 Custodibus
989 1807 1070 1870 qui
1102 1817 1213 1853 tunc
1250 1805 1425 1853 fuerint
1459 1807 1503 1852 in
1542 1805 1795 1869 predictam
1834 1805 2006 1868 peciam

398 1885 518 1920 terre
576 1891 682 1920 cum
741 1875 834 1921 suis
896 1874 1208 1938 pertinenciiS‚
1267 1874 1323 1920 ad
1383 1889 1789 1937 quorumcumque
1848 1887 2010 1918 manus

399 1942 655 1998 devenerit,
681 1942 904 1988 reintrare
930 1952 974 1987 et
1001 1941 1186 2004 pacifice
1224 1941 1458 2004 possidere
1483 1940 1566 1986 sibi
1592 1952 1637 1987 et
1674 1939 2011 1986 successoribus

399 2009 492 2055 suis
534 2008 785 2072 majoribus
824 2020 869 2054 et
911 2008 1183 2055 custodibus
1221 2008 1427 2072 ejusdem
1471 2008 1579 2054 ville
1626 2007 2004 2070 imperpetuum:

400 2087 445 2122 et
489 2076 723 2138 predictus
763 2076 975 2122 Thomas
1016 2076 1172 2131 Toke,
1215 2075 1388 2140 Major,
1426 2086 1472 2121 et
1515 2074 1746 2121 Custodes
1777 2086 1822 2120 et
1863 2073 2009 2121 Com-

404 2142 605 2189 munitas
646 2142 866 2204 predicta,
909 2143 1162 2205 predictam
1213 2154 1382 2188 terram
1431 2159 1536 2188 cum
1586 2142 1678 2187 suis
1719 2140 2012 2205 pertinenciis

404 2208 584 2273 prefato
607 2210 807 2270 Johanni
836 2210 1015 2256 ffullare
1047 2209 1292 2257 heredibus
1315 2220 1359 2255 et
1397 2209 1637 2273 assignatis
1660 2208 1754 2254 suis
1788 2208 1834 2254 in
1860 2207 2010 2255 forma

403 2277 610 2340 predicta
634 2288 796 2323 contra
821 2294 981 2323 omnes
1004 2288 1166 2341 gentes
1190 2276 1556 2323 warantizabunt
1581 2276 1941 2339 imperpetuum.

508 2344 557 2389 In
597 2344 728 2408 cujus
765 2344 827 2389 rei
867 2344 1186 2391 testimonium
1226 2355 1318 2390 tam
1355 2343 1560 2408 sigillum
1599 2360 1845 2389 commune
1871 2358 2008 2407 quam

401 2410 607 2475 sigillum
635 2411 828 2474 predicti
865 2411 1092 2472 Johannis
1124 2411 1305 2458 ffullare
1343 2411 1430 2456 hiis
1454 2410 1716 2457 indenturis
1748 2410 2009 2458 alternatim

403 2489 513 2525 sunt
537 2495 750 2541 appensa.

506 2547 626 2591 Data
672 2546 824 2609 primo
870 2546 945 2592 die
993 2546 1160 2592 mensis
1207 2544 1488 2608 Septembris
1534 2561 1656 2591 anno
1698 2545 1826 2608 regni
1870 2543 2010 2609 Regis

406 2612 623 2659 Edwardi
651 2613 805 2676 quarti
833 2613 975 2659 tercio
998 2613 1195 2659 decimo.

513 2680 718 2725 Indorso:
767 2680 934 2739 “john
984 2679 1180 2736 ffullare,
1224 2680 1367 2726 modo
1428 2679 1588 2741 Harry
1648 2679 1809 2743 Ba!gy‚
1870 2677 2011 2725 modo

411 2746 545 2791 Robt.
576 2747 758 2793 ffluce.’'

407 2813 514 2887 {4¹}

2005 969 2018 999 i
