2181 3155
426 212 515 260 154
897 193 1135 241 DOVER
1174 191 1543 240 CHARTERS

1146 325 1233 375 LI
1256 325 1294 375 1.

939 433 981 486 vj
1017 432 1198 483 Marcii,
1228 439 1254 484 7
1287 432 1407 474 Hen.
1436 431 1514 473 IV.

421 533 617 579 SCIANT
652 540 885 595 presentes
912 540 958 576 et
994 528 1143 576 futuri
1170 529 1297 592 quod
1323 543 1427 591 ego,
1462 528 1675 574 Thomas
1706 538 1777 574 ate
1810 526 2030 575 Crouche

419 600 476 646 de
503 600 720 645 Dovorra
743 598 850 645 dedi
877 597 1076 644 concessi
1103 608 1148 643 et
1175 597 1257 642 hac
1293 596 1493 658 presenti
1521 607 1645 642 carta
1670 612 1771 641 mea
1795 595 2032 641 indentata

420 667 476 714 ad
516 666 639 713 feodi
683 666 864 712 firmam
901 664 1171 711 confirmavi
1214 663 1433 709 Michaeli
1475 663 1563 709 Cul
1612 663 1669 709 de
1713 662 1944 718 Dovorra,
1984 673 2030 708 et

420 734 612 798 Gisyne,
650 733 783 779 uxori
832 732 946 796 ejus,
997 748 1146 777 unum
1200 741 1520 776 tenementum
1579 746 1687 776 cum
1736 729 2032 793 pertinenciis

421 802 646 848 situatum
685 799 803 846 infra
829 799 1090 845 libertatem
1129 799 1304 844 Portus
1340 799 1557 844 Dovorre
1595 797 1639 843 in
1676 797 1716 843 *.
1756 834 1765 842 .
1807 835 1816 843 .
1855 796 2032 843 Warde

423 869 542 915 inter
589 867 763 931 regiam
822 877 1011 912 stratam
1071 882 1229 911 versus
1292 865 1558 920 northwest,
1604 876 1649 910 et
1709 875 2032 910 tenementum

420 935 649 996 Johannis
683 933 914 988 Andrew,
952 932 1237 995 schipwrert,
1267 944 1311 978 et
1351 944 1520 978 terram
1558 933 1746 977 Thome
1780 931 2032 986 Cocchare,

413 1003 633 1067 junioris,
682 1017 841 1048 versus
888 1001 1113 1056 northest,
1165 1011 1210 1046 et
1257 1000 1510 1063 quamdam
1572 999 1826 1062 Vernplace
1874 1014 2034 1045 versus

421 1070 674 1125 southeast,
699 1080 744 1114 et
770 1078 1093 1114 tenementum
1117 1067 1346 1127 Johannis
1382 1066 1529 1130 ffyshe
1555 1083 1716 1112 versus
1740 1067 1996 1112 southwest
2020 1081 2031 1120 ;

423 1136 618 1183 habend'
655 1147 700 1181 et
726 1135 914 1182 tenend'
939 1135 1118 1181 dictum
1156 1145 1477 1180 tenementum
1515 1150 1623 1179 cum
1660 1133 1852 1179 edificiis
1890 1132 2035 1179 muris

421 1216 466 1251 et
491 1203 708 1251 omnibus
732 1202 830 1249 aliis
854 1201 1150 1266 pertinenciis
1174 1201 1267 1247 suis
1292 1200 1482 1263 prefatis
1509 1201 1731 1246 Michaeli
1769 1212 1813 1246 et
1839 1200 2030 1263 Gisyne,

424 1272 557 1318 uxori
603 1270 718 1335 ejus,
766 1268 1014 1316 heredibus
1057 1280 1103 1315 et
1149 1284 1313 1315 eorum
1361 1268 1600 1332 assignatis
1646 1268 2035 1331 imperpetuum;

423 1338 597 1402 absque
646 1348 776 1383 vasto
817 1353 897 1383 seu
935 1346 1277 1399 estrepamento
1319 1334 1531 1392 faciend'‚
1572 1346 1618 1380 et
1667 1334 1877 1381 ffaciend‘
1926 1335 2034 1382 inde

423 1406 672 1453 servicium
710 1404 891 1451 domini
924 1403 1063 1467 Regis
1099 1420 1205 1448 cum
1242 1403 1459 1448 acciderit
1494 1402 1752 1448 secundum
1786 1414 2036 1448 consuetu-

424 1474 582 1520 dinem
630 1482 794 1534 portus
847 1470 1076 1534 predicti;
1147 1469 1371 1516 reddend’
1431 1470 1538 1515 inde
1596 1469 1835 1516 annuatim
1894 1469 2035 1516 iidem

428 1539 674 1586 Michaelis
712 1549 757 1584 et
793 1538 984 1602 Gisyna,
1018 1553 1134 1583 uxor
1167 1537 1280 1601 ejus,
1314 1536 1504 1583 heredes
1528 1548 1573 1582 et
1615 1553 1780 1583 eorum
1818 1536 2034 1601 assignati

426 1607 565 1653 michi
604 1604 784 1669 prefato
809 1605 997 1650 Thome
1034 1615 1106 1650 ate
1142 1603 1358 1650 Crouche
1386 1615 1431 1650 et
1473 1604 1703 1664 Johanne,
1744 1604 1876 1651 uxori
1920 1621 2035 1659 mee,

427 1674 675 1720 heredibus
698 1683 744 1719 et
768 1672 1009 1736 assignatis
1036 1671 1124 1717 mei
1151 1671 1264 1717 dicti
1290 1672 1479 1718 Thome
1506 1682 1598 1717 tres
1633 1672 1809 1718 solidos
1836 1671 1966 1717 liberi
1991 1683 2037 1718 et

425 1741 635 1788 annualis
660 1740 873 1787 redditus
897 1739 953 1786 ad
987 1750 1189 1802 quatuor
1214 1739 1321 1784 anni
1347 1739 1574 1785 terminos
1609 1738 1884 1802 principales
1907 1738 2040 1803 equis

427 1807 726 1872 porcionibus
766 1806 1013 1862 solvend'3
1062 1817 1108 1852 et
1143 1806 1179 1852 si
1216 1806 1458 1869 contingat
1496 1807 1757 1868 predictum
1794 1807 2037 1852 annualem

427 1876 666 1923 redditum
702 1874 936 1921 dictorum
963 1873 1109 1920 trium
1133 1872 1395 1919 solidorum
1430 1885 1583 1919 aretro
1607 1871 1707 1920 fore
1743 1874 1939 1937 imparte
1966 1874 2038 1919 vel

426 1944 472 1990 in
511 1954 615 1989 toto
642 1942 800 2005 aliquo
829 1957 953 1987 anno
989 1951 1093 2003 post
1129 1940 1332 2004 aliquem
1359 1941 1466 1986 inde
1502 1942 1757 1987 terminum
1787 1941 2038 1987 solucionis

429 2009 825 2074 prenominatum,
864 2018 1036 2054 extunc
1073 2006 1187 2053 bene
1224 2008 1354 2054 liceat
1392 2007 1525 2053 nobis
1561 2008 1699 2054 dictis
1737 2009 1925 2054 Thome
1967 2020 2039 2054 ate

427 2077 641 2125 Crouche
666 2086 711 2122 et
736 2076 965 2136 Johanne,
992 2074 1125 2120 uxori
1153 2091 1267 2133 mee,
1307 2074 1554 2121 heredibus
1589 2087 1634 2121 et
1671 2075 1913 2139 assignatis
1949 2075 2038 2121 mei

428 2144 622 2209 predicti
671 2143 860 2189 Thome
896 2142 941 2187 in
980 2141 1191 2204 predicto
1233 2153 1502 2188 tenemento
1540 2158 1644 2188 cum
1688 2143 1907 2189 omnibus
1947 2142 2041 2188 suis

428 2210 727 2277 pertinenciis
761 2210 1052 2274 distringere,
1077 2220 1122 2254 et
1148 2209 1468 2255 districciones
1503 2220 1738 2271 asportare
1763 2222 1807 2256 et
1844 2209 2042 2256 retinere

427 2280 575 2326 donec
628 2278 686 2324 de
734 2276 947 2340 predicto
994 2276 1183 2322 redditu
1234 2277 1295 2321 sic
1354 2288 1506 2322 aretro
1553 2276 1781 2323 existente
1840 2278 2041 2340 plenarie

427 2344 748 2400 satisfactum;
806 2355 852 2389 et
900 2344 936 2389 si
985 2343 1227 2407 contingat
1285 2343 1464 2389 dictum
1512 2344 1755 2390 annualem
1805 2345 2041 2392 redditum

429 2425 583 2461 aretro
612 2411 712 2458 fore
742 2411 788 2457 in
826 2422 953 2473 parte
989 2410 1062 2457 vel
1098 2411 1141 2455 in
1180 2421 1283 2456 toto
1312 2428 1392 2473 per
1422 2428 1566 2456 unum
1602 2428 1776 2457 annum
1814 2423 1859 2457 et
1892 2412 2042 2476 quad·
2083 2427 2087 2433 ’

431 2481 612 2545 raginta
652 2479 762 2533 dies,
816 2479 888 2524 vel
935 2478 971 2523 si
1023 2489 1204 2523 vastum
1243 2495 1320 2523 seu
1368 2489 1762 2541 estrepamentum
1811 2479 1868 2525 de
1914 2479 2043 2525 dicto

431 2558 698 2596 tenemento
746 2544 920 2591 factum
971 2543 1124 2600 fuerit,
1170 2555 1247 2590 aut
1295 2545 1330 2590 si
1380 2545 1503 2591 idem
1546 2557 1865 2592 tenementum
1913 2562 2041 2592 com-

433 2625 643 2680 petenter
681 2629 773 2659 non
811 2611 951 2658 fuerit
993 2623 1320 2666 sustentatum,
1364 2624 1533 2658 extunc
1577 2613 1690 2658 bene
1739 2613 1867 2659 liceat
1912 2613 2043 2659 nobis

431 2683 567 2730 dictis
588 2681 773 2726 Thome
790 2691 861 2724 ate
887 2679 1098 2724 Crouche
1117 2690 1161 2724 et
1186 2679 1412 2738 Johanne,
1436 2680 1567 2725 uxori
1591 2697 1704 2734 mee,
1726 2680 1972 2726 heredibus
1996 2692 2040 2728 et

1004 2770 1023 2790 *
1042 2770 1129 2807 cht
1154 2770 1265 2807 blank
1289 2770 1325 2806 in
1353 2771 1439 2808 MS».
