2181 3155
417 230 508 276 206
885 229 1122 276 DOVER
1162 228 1531 277 CHARTERS

1072 360 1117 409 L
1135 360 1191 410 X
1209 360 1261 409 V
1280 360 1302 410 I
1324 361 1363 410 1.

808 477 929 517 xxix
960 476 1269 527 Septembris,
1299 484 1348 517 21
1384 475 1503 518 Hen.
1537 475 1616 518 VI.

417 577 559 641 [Hae
600 578 847 626 indentura
888 577 1008 625 facta
1049 578 1192 642 inter]
1242 578 1490 626 dominum
1537 579 1798 643 Johannem
1841 578 2023 634 wellis,

413 645 689 710 magistrum
737 645 978 709 hospitalis
1036 646 1207 692 domus
1265 645 1337 693 dei
1400 647 1615 693 Dovorre
1662 658 1708 693 et
1767 644 2024 693 confratres

412 712 619 777 ejusdem
645 713 814 759 domus
839 730 894 759 ex
919 724 1044 776 parte
1072 730 1175 771 una,
1201 725 1246 760 et
1275 713 1537 774 Johannem
1563 714 1697 771 Gate‚
1723 714 1780 761 de
1806 713 2022 776 parochia

411 779 468 826 de
495 779 723 843 Col[rede
746 797 802 826 ex
826 780 989 843 altera]
1019 792 1158 843 parte,
1189 791 1400 836 testatur,
1426 780 1553 844 quod
1581 780 1774 844 predicti
1805 780 2023 844 magister

409 857 455 893 et
491 846 745 893 confratres
777 864 832 892 ex
867 863 1028 893 eorum
1056 848 1260 894 unanimi
1303 864 1486 894 assensu
1513 848 1681 910 pariter
1715 858 1761 894 et
1797 864 2022 895 consensu

411 925 733 960 concesserunt
774 913 1068 960 tradiderunt
1104 926 1150 961 et
1187 915 1243 962 ad
1281 914 1460 961 firmam
1499 915 1777 961 dimiserunt
1816 914 2025 978 predicto

408 980 626 1041 Johanni‚
653 991 761 1027 octo
785 998 908 1028 acras
932 992 978 1027 et
1003 992 1094 1028 tres
1124 981 1259 1029 rodas
1287 982 1432 1045 [terre
1452 999 1557 1028 cum
1585 982 1906 1045 perti]nenciis
1930 981 2024 1028 suis

402 1047 606 1112 jacentes
641 1047 688 1094 in
714 1048 930 1111 parochia
958 1048 1016 1095 de
1052 1049 1268 1106 Colrede,
1295 1049 1418 1096 unde
1454 1050 1544 1096 due
1580 1066 1680 1096 acre
1718 1061 1837 1096 terre
1865 1049 2022 1114 jacent

411 1114 766 1162 besowhitowne
802 1115 1049 1162 latitudine
1084 1116 1140 1163 ad
1177 1127 1347 1163 terram
1387 1116 1579 1163 Roberti
1606 1116 1820 1180 Poysohe
1856 1116 2022 1171 sowth,

409 1193 455 1229 et
483 1194 651 1229 terram
685 1182 894 1247 magistri
930 1183 1086 1240 north,
1116 1183 1367 1247 capitantes
1392 1184 1628 1230 communi
1663 1182 1799 1230 drofe
1828 1195 1922 1230 east
1952 1183 2020 1246 [et

411 1249 550 1296 north
573 1266 585 1306 ;
622 1250 691 1313 et]
720 1249 811 1297 due
835 1267 935 1297 acre
959 1261 1078 1296 terre
1097 1250 1253 1315 jacent
1277 1251 1399 1314 apud
1416 1251 1670 1314 Cowtheye
1695 1250 1939 1298 latitudine
1965 1250 2022 1296 ad

408 1328 579 1363 terram
619 1316 848 1364 Willelmi
891 1317 1089 1380 Cowper
1128 1318 1272 1374 easth,
1313 1329 1359 1364 et
1401 1329 1569 1364 terram
1610 1317 1815 1381 magistri
1859 1317 2020 1373 westh,

408 1384 659 1447 capitantes
695 1384 933 1431 communi
969 1383 1104 1431 drofe
1139 1385 1323 1441 sowth;
1360 1397 1404 1432 et
1440 1385 1531 1432 due
1569 1402 1669 1431 acre
1700 1385 1857 1449 jacent
1885 1384 2023 1449 juxta

511 1489 520 1498 .
558 1452 706 1499 sowth
752 1452 819 1515 [et
859 1451 994 1514 west]
1040 1452 1096 1498 ad
1139 1464 1308 1499 terram
1348 1452 1556 1516 magistri
1599 1452 1750 1498 sowth
1788 1462 1834 1498 et
1875 1452 2018 1510 easth‚

408 1518 710 1582 capitant[es]
751 1518 988 1565 communi
1031 1518 1165 1567 drofe
1201 1519 1387 1575 sowth;
1424 1530 1470 1566 et
1506 1518 1714 1583 quinque
1750 1519 1863 1565 rode
1900 1530 2021 1566 terre

399 1586 558 1650 jacent
581 1586 702 1649 apud
729 1585 1082 1649 boverystowne
1106 1586 1355 1633 latitudine
1379 1587 1434 1633 ad
1462 1597 1630 1633 terram
1656 1585 1864 1651 magistri
1891 1598 2019 1645 west,

405 1664 451 1700 et
469 1653 695 1700 Willelmi
713 1653 910 1717 Cowper
933 1664 1043 1710 east,
1063 1653 1314 1717 capitantes
1332 1653 1388 1700 ad
1411 1653 1602 1718 Regiam
1618 1654 1816 1701 Stratam
1843 1653 1981 1700 north
2006 1670 2018 1710 ;

406 1731 452 1767 et
486 1737 576 1766 una
607 1737 708 1767 acra
742 1731 862 1767 terre
891 1720 1048 1786 jacens
1080 1722 1203 1784 apud
1237 1721 1461 1768 Crowche
1491 1721 1737 1767 latitudine
1766 1721 1821 1768 ad
1849 1732 2018 1768 terram

408 1787 634 1834 Willelmi
680 1788 894 1850 Poysohe
936 1799 1062 1845 west,
1104 1800 1150 1836 et
1191 1800 1362 1836 terram
1405 1788 1612 1853 magistri
1661 1800 1769 1843 east,
1814 1788 2018 1852 capitans

406 1855 643 1901 communi
683 1853 889 1902 forstalle
936 1855 1110 1911 north3
1160 1867 1206 1903 et
1243 1867 1336 1903 tres
1369 1857 1482 1903 rode
1529 1867 1650 1903 terre
1679 1855 1833 1920 jacent
1870 1854 2015 1921 [apud

408 1921 716 1985 Crowthe]ye
751 1921 998 1970 latitudine
1034 1923 1090 1969 ad
1128 1934 1297 1970 terram
1335 1923 1523 1970 Thome
1562 1923 1763 1969 Bakarre
1799 1934 1926 1978 west,
1969 1934 2014 1969 et

404 2000 574 2035 terram
633 1989 841 2053 magistri
900 2001 1008 2047 east,
1070 1991 1322 2053 capitantes
1378 1990 1434 2036 ad
1506 1989 1771 2036 Bromfelde
1829 1990 2010 2036 sowth:

405 2055 603 2102 habend‘
640 2067 686 2102 et
711 2056 897 2103 tenend’
923 2056 1151 2119 predictas
1175 2069 1282 2104 octo
1306 2074 1429 2104 acras
1455 2067 1546 2104 tres
1576 2057 1710 2103 rodas
1735 2069 1855 2103 terre
1883 2057 2012 2120 [cum

402 2123 496 2169 suis
542 2123 879 2186 pertinenciis]‚
921 2124 1124 2186 exceptis
1162 2123 1453 2171 libertatibus
1499 2135 1620 2170 carte
1669 2135 1822 2170 nostre
1872 2124 2012 2189 regie,

405 2190 617 2252 predicto
650 2190 852 2251 Johanni
891 2190 1137 2237 heredibus
1171 2203 1216 2238 et
1245 2191 1486 2256 assignatis
1513 2192 1607 2237 suis
1639 2208 1663 2236 a
1698 2191 1837 2237 Festo
1861 2191 2011 2238 Sancti

408 2257 652 2304 Michaelis
709 2258 987 2322 Archangeli
1048 2276 1192 2321 usque
1250 2259 1296 2304 in
1367 2258 1505 2305 finem
1565 2259 1723 2305 decem
1782 2275 2010 2305 annorum

404 2324 725 2399 proximorum
764 2325 1058 2389 sequentium
1116 2325 1272 2400 [plene
1324 2326 1726 2388 completorum]:
1789 2326 2013 2372 reddend'

402 2392 509 2439 inde
533 2392 771 2439 annuatim
791 2392 1009 2455 predictis
1034 2393 1257 2456 magistro
1275 2404 1319 2439 et
1344 2391 1652 2439 confratribus
1676 2404 1720 2439 et
1739 2393 2012 2440 successori-

403 2458 487 2505 bus
544 2460 640 2505 suis
686 2459 731 2506 in
782 2459 1005 2522 hospitale
1053 2460 1258 2522 predicta
1303 2461 1400 2507 duo
1445 2460 1676 2524 quarteria
1725 2459 1852 2506 ordei
1902 2477 2007 2507 cum

401 2526 584 2573 duobus
617 2526 831 2573 buscellis
867 2527 993 2573 ordei
1022 2527 1258 2590 p[erpetui
1299 2527 1509 2574 redditus
1533 2527 1742 2573 solvend
1768 2526 1835 2592 in]
1870 2526 2008 2574 Festo

406 2594 747 2640 Purificacionis
773 2594 900 2640 beate
933 2594 1115 2640 Marie:
1155 2606 1199 2641 et
1230 2612 1263 2640 su
1292 2595 1529 2658 contingat
1560 2594 1731 2640 dictam
1762 2595 2004 2641 annualem

401 2661 580 2707 firmam
607 2662 662 2708 ad
690 2661 942 2707 terminum
970 2662 1230 2724 predictum
1258 2661 1455 2707 durante
1492 2661 1694 2708 termino
1718 2661 1968 2724 predicto
1959 2679 2004 2707 in

399 2739 527 2790 parte
564 2728 639 2776 vel
666 2727 758 2792 [in]
794 2739 898 2774 toto
932 2740 1085 2774 aretro
1111 2727 1254 2792 [fore]
1291 2745 1382 2774 non
1420 2727 1658 2792 [solutam.
1683 2739 1855 2775 extunc
1891 2728 2004 2775 bene

399 2794 576 2859 licebit]
603 2795 830 2858 magistro
854 2807 898 2841 et
929 2795 1239 2843 confratribus
1267 2807 1312 2842 et
1337 2795 1675 2842 successoribus
1704 2796 1796 2841 suis
1825 2808 1919 2843 tam
1957 2795 2001 2841 in
