2181 3155
343 190 438 251 360
822 189 1061 236 DOVER
1097 188 1466 238 CHARTERS

1087 321 1216 373 CV.

773 450 844 481 xx
876 436 1177 490 Novembris,
1207 444 1236 490 5
1266 436 1401 482 Edw.
1431 437 1515 481 vl.

343 539 462 588 Hssc
500 540 748 589 indentura
782 539 902 588 facta
933 540 1155 588 vicesimo
1195 540 1270 587 die
1306 540 1478 588 mensis
1509 540 1796 589 Novembris
1826 557 1951 589 anno

345 608 494 672 Regni
521 608 716 656 Domini
742 608 965 655 Edwardi
990 607 1123 664 sexti,
1148 608 1237 654 Dei
1267 608 1423 672 gracia
1454 608 1643 673 Anglie,
1669 608 1874 666 ffrancie,
1903 619 1949 656 et

345 675 580 722 Hibernie
651 675 806 739 Regis,
868 675 976 722 fidei
1029 673 1286 722 defensoris
1343 691 1394 721 ac
1456 675 1503 721 in
1563 687 1685 722 terra
1743 675 1950 723 Ecclesie

344 742 604 807 Anglicane
644 754 690 789 et
733 742 992 790 Hibernice
1029 742 1242 805 Supremi
1279 741 1473 806 CapitiS‚
1510 743 1696 807 quint0‚
1738 754 1951 800 testatur,

345 810 475 873 quod
515 809 750 856 Robertus
783 809 977 871 Justice‚
1006 809 1166 874 Major
1201 808 1309 856 ville
1344 820 1389 856 et
1426 821 1591 874 portus
1626 811 1858 867 Dovorre,
1906 821 1952 857 et

342 877 578 936 Johannes
605 876 800 933 Harise,
824 877 1061 938 Johannes
1087 876 1343 940 Hughson,
1371 876 1641 923 Willelmus
1671 877 1951 935 Unthanke‚

345 955 391 990 et
417 943 685 989 Willelmus
721 944 925 1008 Beynge,
952 943 1182 990 Custodes
1205 943 1416 1008 ejusdem
1452 943 1577 1002 ville,
1603 961 1684 1008 per
1715 960 1953 991 assensum

344 1021 390 1057 et
413 1027 691 1056 consensum
715 1011 865 1058 tocius
884 1010 1250 1058 Communitatis
1272 1010 1380 1057 ville
1400 1011 1604 1074 predicte
1628 1022 1954 1059 concesserunt

345 1077 625 1124 dimiserunt
660 1089 706 1124 et
747 1077 804 1124 ad
843 1076 968 1125 feodi
1006 1077 1188 1124 firmam
1235 1078 1530 1125 tradiderunt
1565 1078 1752 1125 Thome
1788 1078 1954 1142 ffynet,

345 1143 538 1191 *unum
582 1145 858 1206 Juratorum
904 1143 1013 1191 ville
1062 1144 1283 1208 predicte,
1336 1162 1483 1192 unum
1519 1146 1810 1210 mesuagium
1847 1162 1953 1193 cum

345 1211 647 1274 pertinenciis
671 1212 921 1258 scituatum
947 1222 992 1258 et
1007 1212 1282 1258 existentem
1308 1211 1429 1259 infra
1451 1212 1711 1260 libertatem
1738 1214 1955 1260 Dovorre

347 1278 552 1342 predicte
587 1279 634 1325 in
681 1279 1025 1336 Burmanward,
1065 1279 1298 1337 videlicet,
1337 1279 1568 1342 capitand’
1604 1296 1662 1326 ex
1698 1297 1790 1327 una
1825 1292 1953 1344 parte

347 1345 405 1392 ad
444 1345 641 1410 Regiam
681 1346 806 1393 viam
843 1346 1093 1393 ducentem
1150 1363 1290 1409 supra
1335 1363 1526 1393 murum
1570 1347 1684 1394 ville
1730 1348 1953 1410 predicte,

348 1424 568 1460 vocatum
625 1413 795 1460 Above
863 1413 1031 1470 Walle,
1093 1430 1254 1460 versus
1310 1414 1564 1472 southeast‚
1623 1414 1849 1462 laterand’
1895 1415 1953 1462 ad

350 1497 541 1527 murum
577 1480 702 1528 dicte
749 1479 858 1527 ville
903 1497 1066 1527 versus
1102 1481 1401 1538 southewest,
1439 1481 1669 1545 capitand’
1711 1499 1768 1528 ex
1814 1481 1956 1529 altera

349 1558 478 1611 parte
502 1548 559 1595 ad
583 1548 609 1573 *
624 1558 747 1594 terre
766 1564 912 1610 nuper
929 1548 1117 1594 Thome
1135 1547 1318 1606 Libeas‚
1328 1548 1436 1613 jure
1456 1548 1612 1595 uxoris
1630 1565 1725 1606 sue,
1745 1549 1889 1596 modo
1908 1549 1954 1596 in

351 1631 514 1661 manus
538 1615 735 1662 Domini
763 1615 917 1678 Regis,
944 1632 1104 1661 versus
1140 1616 1464 1672 northeweste,
1489 1626 1535 1662 et
1566 1616 1789 1663 laterand'
1818 1616 1956 1681 juxta

350 1681 575 1728 venellam
613 1693 823 1729 vocatam
859 1682 1064 1728 Burman
1101 1681 1229 1729 Lane
1259 1700 1422 1730 versus
1447 1683 1715 1730 northeast:
1756 1684 1953 1731 habend'

348 1760 394 1795 et
432 1749 620 1796 tenend’
658 1749 921 1813 predictum
959 1760 1281 1796 tenementum
1320 1767 1428 1796 cum
1466 1750 1683 1797 omnibus
1720 1751 1814 1797 suis
1851 1768 1956 1814 per-

348 1816 562 1863 tinenciis
585 1815 765 1880 prefato
789 1817 975 1863 Thome
1000 1816 1219 1881 ffynnett,
1243 1817 1490 1864 heredibus
1513 1829 1559 1864 et
1583 1817 1822 1882 assignatis
1845 1818 1954 1876 suis,

349 1900 375 1929 a
400 1882 520 1930 festo
555 1883 706 1930 Sancti
750 1884 998 1930 Michaelis
1037 1884 1338 1948 Archangelli
1379 1884 1549 1931 ultimo
1590 1885 1815 1948 preterito
1851 1897 1956 1933 ante

348 1950 512 1997 datum
537 1950 761 2014 presentis
784 1968 930 2016 usque
955 1951 1011 1997 ad
1038 1951 1177 1997 finem
1202 1952 1387 1998 termini
1411 1952 1703 2017 septuaginta
1725 1969 1954 1999 annorum

349 2029 519 2064 extunc
561 2018 882 2080 proximorum
926 2017 1198 2064 futurorum
1233 2020 1456 2083 sequend’
1498 2030 1545 2066 et
1586 2018 1789 2083 plenarie
1827 2037 1956 2066 com-

350 2085 618 2148 pletorum:
658 2084 854 2132 ffaciend
887 2085 995 2132 inde
1025 2085 1273 2132 servicium
1309 2086 1503 2133 domino
1532 2098 1694 2133 nostro
1717 2087 1813 2151 regi
1847 2104 1955 2134 cum

349 2152 566 2199 acciderit
599 2152 857 2198 secundum
893 2153 1278 2199 consuetudinem
1316 2152 1424 2198 ville
1448 2165 1493 2200 et
1531 2164 1694 2216 portus
1723 2154 1948 2217 predicti:

349 2235 399 2265 ac
436 2218 576 2265 etiam
617 2219 809 2266 redend’
847 2219 956 2266 inde
995 2220 1237 2266 annuatim
1278 2219 1468 2283 prefatis
1511 2220 1686 2285 Majori
1722 2232 1767 2267 et
1810 2221 1955 2269 Com-

350 2286 567 2332 munitati
603 2297 648 2332 et
683 2303 844 2333 eorum
870 2287 1223 2344 successoribuS,
1250 2304 1396 2333 unum
1433 2287 1675 2334 annualem
1712 2288 1953 2336 redditum

349 2353 601 2399 tresdecem
625 2353 883 2399 solidorum
919 2364 965 2399 et
989 2365 1218 2418 quartuor
1241 2354 1537 2400 denariorum
1571 2354 1691 2401 bone
1725 2366 1770 2402 et
1795 2355 1955 2420 legalis

349 2431 534 2466 monete
558 2421 732 2484 Anglie
768 2420 814 2466 in
854 2421 993 2467 Festo
1015 2421 1369 2484 Assumpcionis
1403 2421 1531 2468 beate
1569 2422 1722 2468 Marie
1747 2422 1955 2487 Virginis

346 2487 557 2534 solvend‘
615 2488 884 2534 annuatim:
950 2499 996 2534 et
1065 2488 1101 2534 si
1172 2489 1411 2552 contingat
1469 2488 1647 2535 dictum
1707 2490 1952 2537 annualem

347 2554 584 2601 redditum
609 2554 863 2601 tresdecem
888 2554 1146 2601 solidorum
1173 2567 1218 2602 et
1255 2567 1457 2619 quatuor
1480 2555 1776 2602 denariorum
1801 2569 1955 2604 aretro

347 2620 448 2667 fore
474 2638 567 2667 non
592 2621 815 2678 solutum,
854 2622 899 2667 in
938 2633 1066 2685 parte
1102 2622 1175 2668 vel
1213 2622 1259 2668 in
1287 2634 1404 2679 toto,
1442 2640 1522 2686 per
1546 2622 1824 2686 quindecem
1853 2624 1953 2672 dies

348 2688 587 2749 proximos
611 2689 834 2752 sequend’
857 2700 961 2752 post
982 2688 1153 2735 festum
1175 2689 1437 2752 predictum
1458 2690 1482 2713 ⁴*
1498 2706 1617 2754 quos
1635 2690 1752 2736 solvi
1773 2690 1953 2748 debeat,

348 2755 436 2801 vell
462 2755 590 2818 quod
616 2756 857 2819 contingat
893 2767 939 2802 et
965 2755 1145 2802 dictum
1173 2756 1483 2821 messuagium
1518 2773 1623 2803 cum
1658 2756 1953 2820 pertinenciis
