2181 3155
399 233 497 282 370
873 213 1110 262 DOVER
1145 211 1513 260 CHARTERS

1065 345 1110 397 C
1126 344 1180 395 V
1198 344 1220 394 1
1243 344 1266 394 1
1288 344 1327 394 1.

877 459 1025 513 xxviij
1056 458 1290 507 Octobris,
1323 467 1344 500 1
1377 457 1545 500 Marie.

404 570 609 626 Mum,
653 585 734 615 DEI
775 584 971 614 Quaem
1011 568 1236 622 Ancus,
1267 564 1473 621 ffrancie,
1498 575 1544 610 et
1572 563 1805 610 Hibernie
1830 561 2002 626 regina,

400 636 507 683 fidei
545 634 793 692 Defensor,
835 646 881 681 et
911 634 957 681 in
983 644 1105 680 terra
1136 632 1341 679 Ecclesie
1376 631 1639 694 Anglicane
1675 641 1721 677 et
1749 629 2005 676 Hibernice

399 704 675 768 Supremum
712 703 882 765 Caput,
919 716 1145 748 οΜΝιΒυε
1182 700 1239 747 ad
1281 715 1402 763 quos
1440 709 1676 762 presentes
1717 697 1869 744 littere
1902 712 2006 759 per-

398 769 900 817 venerint—Salutem.
993 768 1191 814 Scm‘r1s
1244 766 1374 831 quod
1422 782 1506 812 nos
1551 766 1608 811 de
1654 764 1805 828 gracia
1851 773 2007 810 nostra

399 837 582 901 speciali
607 854 658 884 ac
682 853 738 882 ex
773 847 897 882 certa
920 834 1113 881 sciencia
1136 845 1182 881 et
1208 850 1338 880 mero
1363 843 1496 880 motu
1530 832 1700 879 nostris
1723 831 1938 878 dedimus
1960 840 2006 877 et

404 904 731 961 concessimus,
756 919 806 949 ac
830 919 910 965 per
934 912 1171 965 presentes
1206 901 1375 948 damus
1409 911 1455 946 et
1487 899 1800 955 concedimus,
1829 896 2008 944 dilectis

404 971 573 1018 nostris
600 969 790 1035 Majori‚
809 969 1001 1030 Juratis‚
1026 980 1072 1015 et
1089 967 1430 1015 Communitati
1449 967 1558 1013 ville
1579 978 1734 1013 nostre
1751 966 1808 1012 de
1828 966 2006 1020 Dovor,

402 1039 450 1085 in
497 1038 722 1085 comitatu
769 1047 930 1083 nostro
977 1036 1167 1092 Kancie,
1217 1034 1449 1099 rivagium
1485 1045 1531 1080 et
1577 1033 1824 1098 feriagium
1861 1031 2009 1078 tocius

404 1116 567 1169 portus
602 1104 750 1152 nostri
785 1104 843 1151 dc
879 1105 1061 1161 Dovor,
1099 1103 1145 1149 in
1181 1102 1311 1149 dicto
1346 1101 1575 1148 comitatu
1623 1112 1782 1147 nostro
1818 1098 2008 1155 Kancie,

405 1173 463 1220 de
526 1172 746 1220 omnibus
803 1181 850 1217 et
904 1169 1189 1217 omnimodis
1246 1168 1411 1215 cimbis
1478 1168 1575 1215 sive
1633 1166 1834 1214 battellis
1891 1165 2010 1212 infra

407 1250 597 1303 portum
640 1237 903 1303 predictum
951 1254 1037 1301 pro
1083 1236 1398 1284 conduccione
1435 1235 1681 1281 hominum
1722 1245 1768 1280 et
1817 1233 2007 1280 aliarum

405 1324 563 1353 rerum
600 1324 625 1352 a
658 1305 759 1369 ripa
787 1315 950 1368 portus
986 1303 1183 1368 predicti
1220 1319 1366 1367 usque
1402 1302 1460 1349 ad
1497 1319 1634 1348 naves
1666 1301 1713 1347 in
1747 1300 2008 1364 predictum

406 1384 612 1437 portum,
660 1389 711 1419 ac
767 1371 815 1418 in
873 1372 969 1418 alto
1027 1371 1139 1417 mari
1198 1386 1343 1434 prope
1397 1380 1586 1433 portum
1649 1368 1911 1432 predictum
1952 1366 2008 1413 ad

403 1457 619 1487 ancoram
659 1439 876 1504 jacenteS,
921 1449 967 1484 et
1004 1455 1029 1485 a
1067 1437 1262 1485 navibus
1298 1436 1391 1483 illis
1424 1452 1573 1500 usque
1620 1436 1677 1482 ad
1714 1436 1866 1498 ripam
1905 1450 2011 1498 pre-

405 1508 580 1554 dictam
609 1505 899 1553 conducend’
931 1516 978 1551 et
1014 1504 1357 1569 transportand’
1383 1504 1447 1550 ita
1480 1502 1611 1567 quod
1651 1502 1808 1549 nullus
1838 1501 2010 1548 ibidem

409 1575 588 1638 aliquas
633 1590 705 1620 res
760 1573 858 1620 sive
915 1572 1096 1637 aliquos
1142 1571 1357 1619 homines
1406 1586 1512 1617 cum
1573 1568 1804 1634 aliquibus
1850 1567 2012 1615 cimbis

406 1641 590 1689 vasibus
645 1640 741 1686 sive
798 1638 977 1687 batellis
1033 1639 1121 1685 nisi
1173 1649 1356 1686 tantum
1404 1637 1549 1684 modo
1606 1636 1653 1683 in
1695 1636 1873 1683 batellis
1917 1636 2013 1682 sive

410 1708 593 1754 vasibus
639 1706 1004 1754 inhabitancium
1045 1706 1171 1754 dicte
1213 1705 1320 1752 ville
1355 1704 1412 1751 de
1451 1705 1618 1751 Dovor
1647 1704 1905 1751 conducere
1939 1701 2012 1749 vel

406 1785 723 1838 transportare
792 1783 1027 1836 presumat
1095 1773 1193 1820 sine
1262 1771 1450 1818 licencia
1519 1771 1726 1833 ipsorum
1798 1769 2010 1834 Majoris.

407 1843 694 1903 Juratorum,
719 1851 764 1887 et
785 1839 1154 1887 Communitatis
1179 1839 1251 1885 vel
1271 1839 1622 1902 assignatorum.
1684 1837 2012 1894 HABENDUM,

410 1908 648 1966 TENEND’‚
687 1907 971 1964 GAUDEND'‚
995 1918 1041 1953 et
1076 1906 1383 1953 exercendum
1420 1905 1651 1968 rivagium
1684 1916 1730 1951 et
1766 1902 2012 1968 feriagium

408 1976 672 2039 predictum
698 1991 804 2020 cum
824 1974 1041 2020 omnibus
1071 1984 1118 2020 et
1141 1972 1335 2036 singulis
1363 1971 1776 2018 commoditatibus
1799 1970 2016 2033 proficuis

411 2041 763 2089 revencionibus
809 2052 854 2087 6(
906 2040 1197 2104 advantagiis
1254 2039 1645 2103 quibuscumque,
1693 2055 1783 2102 que
1839 2038 2012 2084 eisdem

411 2110 590 2173 rivagio
647 2120 692 2155 et
750 2107 944 2171 feriagio
1000 2106 1056 2153 ab
1113 2107 1309 2170 antiquo
1380 2106 1615 2169 pertinent
1671 2116 1880 2168 spectant
1935 2120 2013 2151 seu

412 2176 700 2232 incumbent,
771 2173 961 2237 prefatis
1027 2173 1217 2238 Majori,
1279 2174 1472 2233 Juratis‚
1542 2183 1588 2218 et
1670 2170 2014 2219 Communitati

413 2244 536 2290 dicte
561 2242 669 2290 ville
707 2253 863 2288 nostre
888 2241 945 2287 de
971 2241 1136 2286 Dovor
1160 2251 1206 2286 et
1241 2238 1581 2286 successoribus
1615 2238 1710 2285 suis
1736 2237 2015 2303 Majoribus,

412 2310 602 2372 JuratiS,
650 2319 696 2355 et
738 2307 1078 2355 Communitati
1137 2306 1345 2371 ejusdem
1391 2305 1501 2353 ville
1548 2305 1913 2369 imperpetuum,
1959 2304 2014 2352 ad

415 2376 657 2441 proprium
704 2391 823 2437 opus
868 2384 913 2421 6(
956 2390 1092 2420 usum
1134 2374 1341 2436 ipsorum
1385 2373 1594 2437 Majoris,
1635 2373 1925 2433 Juratorum,
1971 2382 2016 2418 et

415 2441 784 2490 Communitatis
819 2453 864 2487 et
896 2456 1213 2487 successorum
1247 2456 1440 2486 suorum
1470 2440 1818 2503 imperpetuum
1848 2439 2018 2502 absque

413 2521 635 2574 compoto
680 2525 759 2554 seu
806 2508 964 2571 aliquo
1009 2506 1097 2553 alio
1155 2523 1242 2570 pro
1299 2506 1406 2553 inde
1465 2506 1597 2552 nobis
1643 2506 1890 2553 heredibus
1946 2504 2017 2551 vel

414 2575 752 2623 successoribus
787 2575 1130 2638 quoquomodo
1165 2573 1390 2620 reddend’
1426 2573 1637 2620 solvend’
1681 2572 1751 2619 vel
1790 2570 2015 2619 faciend':

415 2645 637 2690 PRovxso
661 2658 841 2704 semper
864 2641 994 2705 quod
1013 2640 1209 2704 predicti
1234 2640 1590 2704 Major,Jurati,
1616 2650 1661 2686 et
1678 2639 2016 2693 Communitati,

413 2711 537 2758 dicte
562 2709 669 2756 ville
695 2720 850 2755 nostre
887 2708 944 2754 de
988 2707 1155 2754 Dovor
1183 2717 1229 2753 et
1264 2723 1547 2753 successores
1583 2706 1651 2752 sui
1692 2722 1777 2769 pro
1811 2718 2021 2769 tempore

412 2776 659 2823 existentes
705 2774 860 2821 omnia
917 2774 1092 2820 litteras
1149 2785 1194 2820 et
1252 2773 1422 2836 scripta
1480 2784 1637 2819 nostra
1695 2772 1916 2819 heredum
1975 2781 2020 2817 et
