2181 3155
319 193 418 239 414
793 174 1028 224 DOVER
1064 173 1431 222 CHARTERS

975 374 1021 426 C
1039 374 1097 425 X
1115 373 1173 424 X
1193 373 1216 424 1
1238 373 1278 424 1.

778 492 854 535 die
882 490 1108 544 Augusti,
1138 501 1264 532 anno
1292 499 1319 541 4
1349 488 1467 531 Eliz.

319 596 438 644 Hssc
464 596 712 643 indentura
739 605 934 641 testatur
957 592 1087 657 quod
1112 591 1383 638 Willelmus
1419 591 1736 656 Hanyngton‚
1766 591 1927 657 Major

317 664 427 710 ville
463 674 509 710 et
534 674 698 726 portus
722 663 907 717 Dovor,
934 661 980 706 in
1016 659 1242 707 comitatu
1268 658 1458 716 Kancie,
1485 659 1697 705 Thomas
1721 659 1926 715 Painter,

316 731 551 792 Johannes
578 729 829 792 Hobdaye,
856 727 1091 774 Robertus
1126 726 1345 783 Nicham,
1369 737 1415 773 et
1449 724 1733 773 Cristoferus
1758 725 1926 781 Eliott,

318 797 550 845 Custodes
596 796 718 843 dicte
763 795 890 852 ville,
933 793 1139 841 unanimi
1187 809 1372 840 assensu
1413 803 1458 840 et
1506 810 1734 840 consensu
1780 793 1928 840 totius

319 864 685 913 Communitatis
731 861 938 928 ejusdem
995 860 1106 908 ville
1153 860 1448 907 tradiderunt
1507 871 1835 907 concesserunt
1881 871 1928 907 et

317 932 374 978 ad
413 930 538 978 feodi
587 930 767 977 firmam
807 928 1085 976 dimiserunt
1120 927 1322 988 Johanni
1366 928 1582 991 Boorlye,
1624 927 1682 974 de
1722 927 1835 974 villa
1879 938 1926 974 et

318 1009 459 1062 portu
484 999 655 1045 Dovor
679 996 899 1060 predicte,
924 1011 1166 1060 generoso,
1189 1011 1328 1041 unam
1356 1011 1547 1041 vacuam
1576 995 1778 1058 placeam
1803 1005 1926 1041 terre

319 1083 424 1113 cum
462 1063 679 1112 omnibus
714 1063 810 1110 suis
845 1062 1156 1127 pertinenciis,
1193 1061 1510 1108 continentem
1546 1062 1593 1108 in
1629 1061 1926 1125 longitudine

317 1132 627 1198 quadraginta
657 1142 862 1195 quatuor
895 1129 1050 1194 pedes,
1075 1140 1121 1176 et
1147 1129 1192 1175 in
1221 1129 1468 1175 latitudine
1505 1145 1650 1193 usque
1675 1129 1731 1176 ad
1761 1128 1924 1175 alltum

319 1217 458 1256 mare,
476 1199 708 1264 jacentem
733 1208 779 1244 et
806 1197 1084 1244 existentem
1116 1194 1235 1242 infra
1258 1195 1519 1242 libertatem
1550 1195 1662 1242 ville
1686 1207 1732 1242 et
1758 1207 1925 1260 portus

319 1267 530 1314 Dovorie
577 1265 797 1329 predicte,
840 1264 961 1310 inter
997 1262 1231 1327 quandam
1268 1262 1470 1325 placeam
1508 1274 1629 1310 terre
1670 1263 1778 1309 ville
1820 1279 1925 1326 pre-

317 1334 455 1391 dicte,
481 1332 625 1380 modo
661 1332 705 1378 in
743 1330 1051 1395 occupacione
1088 1329 1284 1376 Roberti
1321 1328 1527 1393 Hedley,
1562 1346 1724 1377 versus
1759 1329 1926 1376 north-

317 1411 428 1458 east,
473 1400 666 1464 Regiam
703 1409 894 1445 stratam
943 1413 1102 1443 versus
1150 1396 1444 1454 northweast,
1490 1413 1540 1443 ac
1586 1397 1752 1444 alltum
1799 1413 1925 1443 mare

319 1484 478 1514 versus
523 1467 797 1514 southeast:
858 1464 1057 1511 habend'
1099 1474 1144 1509 et
1193 1463 1379 1510 tenend’
1427 1463 1684 1526 predictam
1729 1479 1924 1510 vacuam

319 1535 519 1598 placeam
545 1544 664 1580 terre
689 1548 795 1578 cum
820 1531 1037 1578 omnibus
1065 1529 1160 1576 suis
1184 1529 1480 1593 pertinenciis
1504 1529 1689 1594 prefato
1722 1530 1923 1591 Johanni

317 1602 529 1663 Boorley,
548 1599 797 1647 heredibus
815 1609 862 1645 et
886 1597 1128 1662 assignatis
1151 1597 1259 1656 suis,
1285 1613 1311 1643 a
1327 1595 1447 1644 festo
1473 1597 1748 1645 Nativitatis
1771 1598 1921 1644 Sancti

317 1668 542 1729 johannis
566 1666 772 1730 Baptiste
807 1665 977 1712 ultimo
1012 1664 1238 1728 preterito
1269 1675 1373 1710 ante
1406 1664 1513 1710 data
1542 1665 1840 1727 presentium,
1867 1665 1924 1712 de

319 1752 441 1782 anno
466 1735 512 1781 in
542 1750 715 1781 annum
739 1750 835 1780 uno
859 1744 964 1796 post
999 1731 1144 1788 auios,
1171 1747 1317 1795 usque
1341 1731 1399 1778 ad
1425 1730 1565 1777 finem
1597 1743 1643 1779 et
1668 1731 1922 1778 terminum

320 1802 573 1867 nonaginta
608 1817 779 1848 novem
811 1815 1041 1846 annorum
1065 1808 1236 1844 extunc
1271 1798 1592 1862 proximorum
1629 1799 1924 1863 sequentium

317 1881 363 1917 et
389 1869 590 1933 plenarie
610 1866 874 1931 complend'
898 1885 906 1912 :
946 1864 1141 1912 faciend'
1161 1864 1268 1912 inde
1287 1865 1533 1912 servicium
1555 1865 1744 1912 domine
1770 1877 1925 1913 nostre

320 1937 498 2001 Regine
523 1947 569 1982 et
592 1933 930 1982 successoribus
953 1933 1047 1979 suis
1069 1932 1324 1979 secundum
1349 1933 1733 1980 consuetudinem
1760 1943 1924 1996 portus

320 2003 527 2049 Dovorie
563 2019 668 2049 curn
705 2000 950 2048 acciderit:
990 2016 1040 2046 ac
1075 1998 1212 2045 etiarn
1250 1999 1474 2046 reddend’
1499 2011 1544 2046 et
1580 1999 1789 2047 solvend‘
1815 2000 1922 2047 inde

317 2069 522 2117 anuatim
573 2068 746 2133 Majori
793 2079 838 2114 et
885 2065 1172 2113 Custodibus
1218 2065 1340 2112 dicte
1399 2066 1506 2112 ville
1552 2067 1631 2130 qui
1679 2078 1790 2113 tunc
1837 2084 1924 2130 pro

320 2149 528 2201 tempore
553 2135 741 2192 fuerint,
766 2134 813 2180 in
838 2132 958 2180 festo
992 2132 1348 2196 Assumpcionis
1373 2132 1501 2180 beate
1536 2133 1689 2180 Marie
1714 2133 1922 2198 Virginis

319 2205 438 2252 duos
465 2202 638 2251 solidos
662 2218 749 2265 pro
777 2200 959 2248 annuali
985 2199 1174 2246 redditu
1201 2215 1213 2255 ;
1249 2210 1294 2246 et
1326 2198 1363 2246 si
1393 2200 1633 2264 contingat
1658 2200 1920 2263 predictum

319 2271 562 2319 annualem
599 2269 848 2324 redditum,
889 2268 946 2314 de
987 2267 1052 2332 ijs.
1094 2266 1149 2313 ad
1192 2264 1363 2313 festum
1400 2268 1490 2313 vell
1528 2267 1779 2314 terminum
1817 2284 1923 2332 pre-

320 2338 514 2395 dictum,
541 2354 636 2401 quo
660 2334 797 2383 sollvi
832 2333 995 2381 debeat
1019 2344 1169 2380 aretro
1194 2332 1293 2379 fore
1330 2333 1585 2381 insolutum
1610 2334 1656 2380 in
1694 2345 1824 2398 parte
1847 2335 1922 2382 vel

320 2405 368 2452 in
394 2415 497 2452 toto
532 2404 654 2450 ultra
689 2402 940 2450 terminum
974 2400 1235 2464 predictum
1261 2416 1342 2463 per
1369 2401 1572 2464 spacium
1599 2399 1699 2447 xvim
1722 2401 1922 2459 dierum,

321 2472 358 2519 si
383 2471 611 2536 legittime
646 2470 861 2533 petitum,
887 2479 998 2514 tunc
1021 2466 1203 2514 licitum
1235 2466 1323 2513 erit
1364 2467 1536 2544 Majori
1561 2479 1607 2516 et
1633 2468 1922 2516 Custodibus

324 2539 430 2585 ville
469 2538 674 2602 predicte
709 2536 789 2601 qui
826 2546 939 2582 tunc
973 2551 1059 2598 pro
1093 2545 1303 2596 tempore
1337 2532 1528 2593 fuerint,
1571 2535 1618 2582 in
1666 2535 1919 2598 predictam

325 2623 512 2652 vacuam
556 2604 755 2668 placeam
794 2614 912 2649 terre
952 2618 1057 2648 cum
1104 2599 1322 2647 omnibus
1366 2602 1459 2649 suis
1506 2601 1815 2665 pertinenciis,
1862 2602 1918 2649 ad

321 2688 726 2737 quorumcumque
783 2685 948 2716 manus
1006 2667 1228 2724 evenerit,
1287 2667 1524 2727 reintrare,
1583 2668 1810 2725 rehabere,
1872 2680 1918 2716 et

2070 943 2079 966 ν’»
2060 602 2086 924 ‘Ustbnmfflhs
2065 517 2075 525 ⁸
2077 476 2080 478 .
2073 408 2077 410 ι

2078 1775 2093 1884 ω-
2074 1735 2092 1760 a,
2070 1579 2092 1703 πιπτει
