2192 3342
464 263 552 310 126
937 263 1177 311 DOVER
1213 264 1583 313 CHARTERS

1193 464 1251 515 X
1271 464 1332 516 L.

938 579 1034 633 xiiij
1064 581 1288 634 Augusti,
1321 580 1372 623 16
1401 581 1501 624 Ric.
1535 581 1594 625 11.

454 700 647 748 SCIANT
697 710 930 762 presentes
977 711 1023 747 et
1072 699 1221 748 futuri
1271 701 1399 765 quod
1450 717 1540 765 ego
1588 701 1809 748 dominus
1855 701 2067 748 Thomas

457 767 617 830 Wyte‚
659 777 811 813 rector
851 766 1038 813 ecclesie
1079 768 1353 831 parochialis
1392 768 1544 815 Sancti
1582 769 1809 829 Johannis
1840 769 2064 832 Baptiste,

456 835 689 890 Dovorre,
715 833 823 880 dedi
849 834 1065 894 concessi,
1091 846 1136 882 et
1162 835 1245 882 hac
1271 835 1473 899 presenti
1504 847 1626 882 carta
1651 853 1751 882 mea
1776 835 2062 891 confirmavi,

456 901 645 947 Thome
686 911 781 948 atte
823 900 1039 948 Crouche
1080 914 1126 949 et
1164 902 1394 963 Johanne,
1438 903 1571 950 uxori
1613 920 1710 959 sue,
1747 903 1866 950 duos
1889 902 2066 950 solidos

455 967 586 1014 liberi
612 978 658 1014 et
683 968 892 1014 annualis
915 969 1128 1016 redditus
1152 971 1479 1033 provenientes
1504 970 1561 1018 de
1587 971 1791 1035 quodam
1825 970 2067 1034 mesuagio

455 1052 563 1081 cum
604 1035 899 1098 pertinenciis
941 1035 1034 1082 suis
1075 1035 1195 1083 infra
1235 1036 1497 1084 libertatem
1541 1050 1706 1101 portus
1757 1040 1974 1085 Dovorre
2015 1036 2063 1083 in

454 1102 889 1160 seintemariwarde,
915 1102 1035 1150 inter
1059 1104 1235 1168 regiam
1259 1115 1450 1151 stratam
1476 1121 1636 1152 versus
1673 1106 1812 1152 south
1849 1116 1895 1152 et
1919 1104 2064 1161 easth,

454 1180 500 1216 et
537 1180 855 1216 tenementum
893 1170 1082 1218 Thome
1120 1170 1300 1218 Combe
1337 1171 1592 1218 carbonarii
1633 1189 1793 1219 versus
1831 1172 1992 1229 westh‚
2017 1182 2064 1218 et

455 1237 735 1284 cimiterium
772 1236 958 1284 ecclesie
997 1238 1273 1302 parochialis
1309 1239 1459 1286 Sancti
1502 1239 1624 1286 Petri
1666 1241 1881 1286 Dovorre
1907 1255 2065 1285 versus

455 1304 627 1351 north:
683 1303 880 1351 habend'
933 1315 979 1351 et
1032 1306 1218 1353 tenend'
1272 1306 1423 1353 dictos
1471 1306 1590 1353 duos
1631 1307 1804 1354 solidos
1844 1305 1974 1352 liberi
2017 1317 2065 1352 et

453 1371 663 1418 annualis
703 1372 917 1419 redditus
957 1371 1148 1435 prefatis
1188 1373 1377 1419 Thome
1418 1384 1464 1420 et
1504 1374 1732 1434 Johanne,
1774 1373 1908 1420 uxori
1950 1372 2064 1438 ejus,

453 1438 699 1486 heredibus
750 1450 795 1486 et
852 1439 1096 1503 assignatis
1136 1441 1246 1498 suis,
1288 1440 1652 1504 imperpetuum.
1726 1440 1790 1487 Et
1830 1456 1919 1504 ego
1960 1457 2065 1504 pre-

454 1506 611 1553 dictus
645 1505 866 1553 dominus
906 1507 1117 1553 Thomas
1154 1519 1200 1554 et
1236 1523 1520 1554 successores
1556 1508 1645 1554 mei
1683 1505 1829 1554 futuri
1865 1518 2067 1554 rectores

453 1573 576 1620 dicte
613 1572 800 1620 ecclesie
837 1573 988 1620 dictos
1025 1574 1145 1621 duos
1180 1574 1357 1621 solidos
1392 1574 1521 1621 liberi
1547 1586 1594 1621 et
1618 1575 1827 1621 annualis
1852 1574 2064 1621 redditus

455 1639 645 1704 prefatis
669 1641 857 1687 Thome
881 1651 928 1687 et
952 1641 1181 1704 Johanne,
1209 1641 1340 1688 uxori
1366 1658 1462 1699 sue,
1488 1641 1735 1689 heredibus
1754 1653 1799 1689 et
1819 1641 2062 1705 assignatis

454 1709 548 1755 suis
579 1718 741 1755 contra
765 1724 928 1755 omnes
951 1719 1114 1772 gentes
1138 1708 1542 1756 warantizabimus
1566 1708 1925 1773 imperpetuum.

555 1775 611 1822 In
652 1775 786 1840 cujus
827 1775 891 1822 rei
933 1776 1258 1823 testimonium
1299 1776 1407 1823 huic
1449 1776 1649 1840 presenti
1693 1787 1814 1824 carte
1855 1774 2063 1840 sigillum

457 1859 613 1889 meum
651 1859 857 1906 apposui.

554 1911 677 1956 Data
728 1911 945 1957 Dovorra
992 1909 1187 1975 xiiijmo.
1238 1910 1312 1958 die
1354 1910 1563 1975 Augusti
1602 1927 1725 1958 anno
1765 1910 1894 1975 regni
1922 1909 2065 1975 Regis

456 1976 641 2023 Ricardi
676 1977 866 2024 secundi
902 1988 1033 2024 sexto
1069 1978 1264 2025 decimo.

554 2043 668 2091 Hiis
690 2043 903 2101 testibus,
921 2045 1135 2105 Johanne
1154 2055 1250 2091 atte
1270 2044 1429 2103 Halle,
1455 2055 1567 2091 tunc
1593 2044 1780 2109 Majore
1802 2060 1814 2101 ;
1850 2044 2063 2105 Johanne

453 2111 646 2169 Gerold‚
687 2122 800 2158 tunc
837 2111 1050 2168 Ballivo3
1086 2112 1298 2172 Johanne
1340 2112 1600 2167 Evbroke;
1638 2112 1827 2158 Thoma
1870 2112 2061 2168 Lorde3

455 2179 690 2226 Nicholao
701 2178 891 2243 Spisour
913 2195 925 2236 ;
964 2179 1208 2226 Willelmo
1232 2179 1423 2242 Spisour
1446 2195 1457 2235 ;
1497 2179 1740 2226 Willelmo
1775 2179 2026 2243 Yngelond
2049 2194 2062 2235 ;

454 2256 500 2292 et
525 2246 636 2292 aliis.

455 2866 657 2931 [187-1]
