2181 3155
379 209 472 256 302
862 193 1099 240 DOVER
1139 193 1508 240 CHARTERS

374 344 478 374 mus
524 344 605 392 per
661 337 893 390 presentes
951 326 1147 374 habend'
1195 326 1369 373 eisdem
1434 326 1627 392 Majori,
1685 327 1882 383 Ballivo,
1939 339 1985 374 et

374 394 718 442 Communitati
766 394 824 441 de
859 394 986 441 dono
1035 405 1197 440 nostro
1237 393 1408 457 absque
1444 404 1667 456 compoto
1701 394 1860 458 aliquo
1905 411 1984 441 seu

375 461 534 527 aliquo
569 461 659 509 alio
696 461 803 508 inde
840 461 974 508 nobis
1008 460 1231 508 reddend'
1267 460 1480 508 solvend’
1505 477 1587 507 seu
1625 459 1834 508 faciend’.
1906 462 1983 508 Ac

375 529 598 576 INSUPER
648 529 978 592 perdonamus,
1036 528 1338 584 remittimus,
1393 539 1439 575 et
1499 527 1754 575 relaxamus
1809 528 1985 575 eisdem

377 596 571 661 Majori,
597 596 794 653 Ballivo,
818 606 865 643 et
900 595 1245 643 Communitati
1272 611 1434 642 omnes
1464 594 1592 650 fines,
1619 595 1985 659 redempciones,

374 662 710 719 forisfacturas,
758 674 805 710 et
865 662 1269 727 transgressiones,
1322 679 1409 725 pro
1468 662 1714 727 maritagio
1760 680 1983 727 quarum-

374 747 577 795 cumque
602 730 851 777 viduarum
879 742 1158 787 nostrarum,
1182 730 1279 776 sive
1304 729 1501 794 alicujus
1525 729 1665 776 vidue
1691 741 1862 787 nostre,
1887 730 1984 776 sive

375 798 626 845 viduarum
676 809 957 854 nostrarum,
1016 808 1096 844 aut
1144 797 1285 844 vidue
1344 814 1440 844 sive
1492 796 1744 844 viduarum
1793 797 1986 862 alicujus

375 865 731 930 progenitorum
791 876 1078 922 nostrorum,
1125 875 1171 911 et
1230 863 1475 939 cujuslibet
1534 864 1804 928 hujusmodi
1843 864 1985 911 vidue

375 944 453 979 aut
523 932 788 989 viduarum,
871 948 956 995 pro
1035 931 1291 996 maritagiis
1358 930 1453 978 suis
1535 930 1782 996 cujuslibet
1855 931 1987 978 here-

375 1000 488 1048 dum
561 998 870 1046 ffemellarum
955 998 1220 1045 tenencium
1286 1008 1570 1055 nostrorum,
1643 1010 1723 1046 aut
1791 998 1986 1064 alicujus

375 1066 735 1131 progenitorum
784 1076 1071 1123 nostrorum,
1113 1065 1210 1112 sine
1257 1065 1446 1112 licencia
1492 1066 1619 1130 regia
1664 1076 1770 1113 ante
1805 1066 1983 1113 dictum

375 1134 500 1181 diem
561 1133 912 1180 maritatarum:
989 1133 1188 1180 Necnon
1246 1133 1406 1180 omnia
1462 1134 1617 1180 exitus
1673 1144 1719 1180 et
1779 1133 1985 1197 proficua

375 1201 590 1249 omnium
661 1211 708 1247 et
778 1200 1072 1265 singulorum
1146 1200 1478 1256 maneriorum,
1546 1212 1793 1257 terrarum,
1858 1212 1986 1248 tene-

377 1279 662 1325 mentorum,
704 1267 958 1324 redditum,
997 1267 1356 1331 possessionum,
1395 1267 1889 1323 hereditamentorum,
1935 1285 1985 1315 ac

375 1336 703 1392 wardatorum,
750 1346 797 1381 et
848 1335 1199 1400 maritagiorum
1254 1351 1665 1399 quorumcumque
1721 1335 1983 1382 tenencium

374 1414 420 1450 et
468 1403 716 1450 viduarum
764 1402 1077 1465 predictarum
1125 1413 1171 1448 et
1217 1401 1446 1449 heredum
1489 1400 1780 1449 femellarum
1822 1413 1985 1449 tenen-

375 1471 499 1517 cium
559 1480 846 1526 nostrorum,
909 1480 988 1515 aut
1048 1469 1308 1516 tenentium
1366 1468 1562 1533 aliquus
1624 1470 1982 1533 progenitorum

376 1548 661 1594 nostrorum,
709 1536 805 1584 sive
853 1537 1232 1600 predecessorum
1295 1547 1582 1592 nostrorum,
1645 1537 1984 1612 cujuscumque

376 1604 618 1670 dignitatis
671 1604 744 1650 vel
803 1604 1091 1650 condicionis
1150 1602 1290 1650 fuerit
1350 1603 1422 1649 vel
1478 1602 1670 1660 fuerint,
1719 1621 1802 1668 per
1860 1605 1984 1668 ipsos

377 1672 629 1737 Majorem,
677 1670 927 1727 Ballivum‚
974 1683 1020 1718 et
1079 1670 1496 1727 Communitatem,
1555 1682 1660 1717 ante
1719 1672 1982 1734 predictum

375 1739 651 1786 vicesimum
698 1738 896 1785 tercium
938 1738 1078 1795 diem,
1127 1738 1297 1802 quovis
1343 1738 1487 1784 modo
1535 1737 1689 1784 habita
1741 1738 1838 1785 sive
1880 1756 1984 1802 per-

375 1818 521 1871 cepta,
570 1805 743 1852 eisdem
795 1805 988 1871 Majori,
1039 1804 1221 1862 Ballivi,
1263 1816 1308 1852 et
1349 1805 1693 1852 Communitati
1735 1806 1901 1852 damus
1936 1816 1982 1852 et

375 1873 674 1920 concedimus
715 1890 796 1936 per
838 1884 1072 1936 presentes
1111 1871 1283 1936 absque
1322 1884 1546 1935 compoto
1582 1890 1661 1919 seu
1699 1872 1855 1937 aliquo
1892 1872 1983 1920 alio

376 1958 462 2005 pro
498 1941 604 1987 inde
642 1940 774 1986 nobis
811 1940 881 1986 vel
913 1939 1161 1987 heredibus
1187 1940 1357 1986 nostris
1382 1940 1623 1996 reddend’,
1648 1940 1876 1996 solvend',
1901 1956 1980 1986 seu

376 2007 604 2055 faciend':
670 2007 1034 2054 Pzaoommos
1082 2006 1271 2069 insuper
1311 2007 1594 2054 remittimus
1631 2018 1676 2054 et
1725 2008 1983 2054 relaxamus

375 2075 549 2122 eisdem
596 2074 788 2139 Majori‚
833 2073 1029 2130 Ballivo,
1071 2084 1116 2120 et
1160 2073 1505 2120 Communitati
1545 2075 1819 2121 omnimoda
1858 2085 1982 2121 vasta

373 2153 419 2189 et
460 2142 802 2189 destrucciones
841 2157 1150 2204 quecumque,
1192 2153 1297 2188 ante
1339 2141 1518 2188 dictum
1562 2141 1834 2188 vicesimum
1889 2152 1981 2188 ter-

375 2210 498 2256 cium
525 2208 647 2256 diem
680 2208 873 2271 Aprilis,
906 2225 986 2271 per
1019 2208 1141 2270 ipsos
1182 2207 1431 2272 Majorem,
1476 2208 1726 2264 Ballivum‚
1765 2221 1809 2255 et
1837 2208 1978 2255 Com·

377 2276 656 2323 munitatem
700 2274 819 2322 facta
860 2276 903 2320 in
947 2275 1320 2338 quibuscumque
1365 2275 1510 2332 terris,
1560 2276 1853 2331 tenementis,
1900 2292 1980 2322 seu

376 2342 754 2391 hereditamentis
779 2342 1110 2406 cujuscumque
1137 2359 1345 2405 persone,
1366 2360 1455 2406 que
1480 2354 1561 2399 est,
1581 2354 1658 2388 aut
1690 2341 1797 2398 fuit,
1822 2342 1980 2407 aliquo

375 2422 586 2473 tempore
612 2410 656 2456 in
690 2409 899 2456 custodia
929 2420 1098 2465 nostra,
1130 2420 1207 2455 aut
1246 2409 1440 2473 alicujus
1479 2410 1832 2473 progenitorum
1876 2426 1981 2456 nos·

376 2490 573 2534 trorum,
609 2477 787 2523 ratione
818 2476 1020 2540 junioris
1056 2476 1192 2523 etatis
1229 2476 1436 2541 ejusdem
1477 2477 1688 2523 heredis:
1728 2477 1791 2523 Et
1821 2492 1981 2524 omnes

374 2545 529 2591 exitus
574 2555 620 2590 et
664 2543 870 2607 proficua
910 2543 1167 2590 eorundem
1213 2554 1456 2599 terrarum,
1500 2555 1892 2600 tenementorum,
1933 2554 1979 2590 et

376 2612 851 2658 hereditamentorum
879 2611 1023 2673 ipsius
1048 2611 1240 2666 heredis,
1266 2628 1314 2656 ac
1341 2611 1597 2657 custodiam
1619 2623 1662 2657 et
1686 2611 1976 2675 maritagium

374 2679 582 2743 ejusdem
612 2678 824 2725 heredis:
865 2678 928 2724 Et
954 2695 1092 2724 omne
1123 2678 1166 2723 id
1193 2678 1320 2740 quod
1360 2678 1414 2724 ad
1458 2695 1540 2724 nos
1579 2678 1756 2725 ratione
1788 2677 1980 2742 alicujus

376 2746 642 2810 hujusmodi
676 2746 788 2792 vasti
822 2744 1155 2791 destruccionis
1192 2745 1407 2807 pertinet,
1432 2762 1509 2791 seu
1543 2745 1770 2808 pertinere
1809 2744 1977 2809 poterit
