2181 3155
367 171 391 202 2
403 172 464 220 50
855 155 1098 205 DOVER
1136 154 1509 203 CHARTERS

1023 289 1069 340 L
1087 288 1144 339 X
1162 288 1220 338 X
1238 288 1312 339 X.

868 422 898 450 v
930 407 1113 459 Marcii,
1147 416 1197 448 12
1228 406 1359 449 Edw.
1395 407 1472 450 1v.

365 514 484 562 Hac
522 514 770 563 indentura
808 513 927 561 facta
962 513 1132 577 quinto
1167 512 1243 560 die
1281 513 1451 559 mensis
1482 512 1651 559 Marcii
1689 529 1813 560 anno
1848 514 1980 577 regni

366 582 507 647 Regis
565 582 786 630 Edwardi
849 581 1002 645 quarti
1071 580 1368 637 duodecimo,
1427 590 1638 637 testatur,
1696 580 1825 645 quod
1897 597 1981 627 nos

363 651 598 711 Johannes
635 649 857 703 Barbour,
906 648 1113 703 clericuS,
1163 648 1382 712 magister
1418 647 1588 694 domus
1623 647 1696 695 dei
1745 648 1980 706 Dovorre,

364 728 410 763 et
457 717 665 782 ejusdem
714 716 800 762 loci
855 714 1124 772 confratres,
1176 715 1380 761 unanimi
1429 730 1613 761 assensu
1672 714 1981 762 concessimus

364 784 625 831 dimisimus
660 794 705 829 et
753 783 809 829 ad
848 782 1046 828 ffirmam
1085 783 1314 829 tradimus
1353 781 1558 828 Roberto
1605 781 1764 838 Salter,
1802 782 1978 839 mellar,

365 852 423 899 de
456 850 671 914 parochia
703 850 760 896 de
799 850 994 912 Ryvere,
1032 849 1128 895 duo
1162 849 1428 896 molendina
1457 849 1681 912 aquatica,
1707 865 1797 914 que
1835 850 1980 897 modo

364 918 655 981 appellantur
698 916 1006 972 Cornemelle,
1052 917 1175 963 unde
1212 933 1356 962 unum
1396 917 1453 963 de
1499 915 1608 979 [eis]
1650 932 1739 981 que
1787 927 1980 963 vocatur

368 983 887 1048 [Rakestravys]melle,
931 995 976 1030 et
1023 982 1148 1030 aliud
1198 994 1391 1030 vocatur
1438 982 1744 1039 Asshemelle,
1791 982 1977 1031 divisim

363 1052 607 1098 existentia
643 1051 855 1098 edificata
891 1050 937 1097 in
975 1050 1189 1114 parochia
1225 1051 1282 1097 de
1323 1051 1507 1111 Ryvere
1544 1050 1766 1113 predicta,
1804 1067 1890 1113 pro
1925 1063 1976 1098 ut

364 1120 498 1165 metis
533 1130 579 1165 et
622 1118 793 1165 bundis
829 1118 1010 1181 plenius
1056 1129 1281 1181 apparet:
1332 1117 1528 1164 habend'
1565 1130 1610 1163 et
1647 1117 1835 1164 tenend’
1873 1135 1978 1181 pre-

361 1186 485 1233 dicta
508 1186 604 1233 duo
629 1185 896 1232 molendina
915 1202 1021 1232 cum
1045 1196 1211 1249 stagno
1234 1196 1280 1232 et
1305 1186 1434 1248 aquis
1459 1201 1565 1231 cum
1590 1185 1738 1231 wariis
1763 1184 1978 1248 vi[variis

361 1264 408 1300 et
434 1254 587 1317 pratis,
616 1253 684 1316 et]
715 1253 920 1317 predicta
954 1253 1051 1299 duo
1086 1252 1352 1298 molendina
1389 1253 1584 1298 limitata
1616 1263 1661 1298 et
1695 1252 1752 1299 de
1781 1253 1977 1316 antiquo

363 1331 525 1367 usuata
566 1320 886 1396 [?usucapta],
935 1318 1117 1383 prefato
1173 1319 1382 1366 Roberto
1430 1319 1577 1365 Salter
1629 1319 1875 1366 heredibus
1931 1331 1976 1366 et

361 1387 602 1451 assignatis
637 1388 732 1434 suis
756 1405 780 1433 a
811 1387 951 1433 Festo
974 1387 1125 1433 Sancti
1163 1386 1408 1432 Michaelis
1440 1386 1723 1449 Archangeli
1760 1387 1976 1463 proximo

362 1454 524 1502 futuro
571 1466 674 1518 post
721 1455 884 1501 datum
945 1454 1232 1518 presencium
1281 1470 1428 1517 usque
1485 1453 1541 1500 ad
1602 1453 1741 1499 finem
1788 1454 1974 1501 termini

361 1522 669 1587 quadraginta
715 1537 944 1568 annorum
1002 1533 1173 1567 extunc
1220 1521 1543 1583 proximorum
1602 1519 1870 1567 futurorum
1929 1533 1974 1568 et

362 1589 562 1653 plenarie
600 1588 958 1652 completorum,
1007 1587 1302 1635 libertatibus
1340 1598 1462 1634 carte
1511 1599 1666 1634 nostre
1713 1588 1836 1652 regie
1884 1605 1973 1635 una

361 1673 466 1703 cum
515 1657 769 1720 piscacione
827 1656 872 1702 in
933 1656 1065 1719 aquis
1111 1654 1454 1718 pertinentibus
1513 1655 1731 1718 predictis
1788 1655 1972 1702 duobus

362 1724 643 1770 molendinis
666 1740 848 1786 semper
874 1740 980 1769 cum
1006 1723 1139 1769 nobis
1167 1722 1416 1786 [plenarie]
1446 1722 1687 1769 reservatis
1714 1741 1721 1768 :
1751 1722 1972 1769 reddend'

359 1792 467 1838 inde
508 1791 746 1838 annuatim
788 1790 919 1836 nobis
961 1788 1150 1854 prefatis
1188 1789 1412 1854 magistro
1462 1789 1529 1852 [et
1573 1788 1885 1836 confratribus
1924 1802 1969 1837 et

361 1858 719 1921 successoribus]
772 1858 941 1904 nostris
999 1874 1084 1921 pro
1142 1856 1222 1903 illo
1282 1856 1554 1902 molendino
1600 1857 1727 1920 quod
1776 1868 1970 1903 vocatur

364 1925 812 1988 Rakestravysmelle
861 1941 921 1971 xs.
973 1934 1159 1970 monete
1200 1924 1473 1988 Anglicane,
1522 1924 1575 1970 ad
1614 1935 1816 1987 quatuor
1862 1924 1968 1971 anni

361 1992 583 2039 terminos
620 1992 894 2055 principales
931 1991 1065 2055 equis
1113 1990 1411 2054 porcionibus
1452 1991 1498 2037 in
1546 1991 1760 2053 hospitali
1811 2003 1970 2038 nostro

358 2060 568 2106 solvend‘
605 2060 802 2106 durante
838 2059 1041 2104 termino
1075 2058 1362 2121 supradicto,
1400 2058 1588 2121 proviso
1627 2074 1807 2122 semper
1842 2058 1967 2122 quod

359 2127 594 2189 predictus
655 2126 886 2173 Robertus
942 2126 1087 2172 Salter
1147 2142 1240 2171 non
1299 2126 1598 2183 intromittet,
1651 2142 1732 2172 nec
1781 2125 1969 2172 heredes

361 2210 510 2257 neque
547 2193 762 2257 assignati
810 2193 878 2238 sui
928 2192 1254 2247 intromittent,
1301 2192 1358 2238 de
1399 2192 1481 2238 illo
1523 2192 1795 2238 molendino
1841 2192 1966 2256 quod

360 2272 554 2307 vocatur
613 2259 928 2306 Asschemelle
997 2260 1144 2306 donec
1202 2259 1447 2306 indentura
1514 2259 1740 2320 johannis
1786 2260 1825 2304 le
1883 2260 1966 2322 By,

359 2329 598 2392 quondam
639 2328 697 2374 de
744 2326 933 2384 Ewelle,
981 2327 1039 2374 de
1087 2327 1167 2372 illo
1215 2326 1486 2374 molendino
1525 2326 1726 2384 finiatur,
1764 2337 1809 2372 et
1860 2326 1962 2390 [ad]

360 2396 522 2442 datum
565 2395 687 2442 dicte
730 2395 975 2441 indenture
1026 2394 1312 2451 excludatur,
1361 2394 1660 2439 obscervante
1707 2393 1967 2456 supradicta

359 2462 671 2509 convencione
705 2462 751 2507 in
783 2461 1015 2515 omnibus,
1043 2478 1125 2507 nos
1161 2461 1354 2524 predicti
1393 2461 1610 2524 magister
1641 2472 1686 2506 et
1715 2459 1967 2507 confratres

360 2530 580 2576 volumus
604 2529 730 2593 quod
761 2529 1053 2592 supradictus
1084 2528 1318 2575 Robertus
1348 2528 1494 2574 Salter
1525 2528 1719 2575 heredes
1747 2538 1791 2573 et
1825 2528 1966 2592 assig-

361 2597 453 2643 nati
497 2597 564 2642 sui
615 2597 807 2642 habeant
849 2607 894 2642 et
932 2607 1116 2642 teneant
1159 2596 1420 2659 predictum
1471 2594 1790 2641 molendinum
1837 2594 1963 2658 quod

359 2675 554 2709 vocatur
591 2664 903 2709 Asschemelle
929 2680 1033 2708 cum
1073 2663 1166 2708 suis
1205 2662 1516 2726 pertinenciis,
1557 2673 1607 2708 ut
1647 2661 1963 2725 supradictum

357 2743 440 2786 est,
483 2731 680 2776 durante
727 2731 929 2776 termino
977 2730 1217 2793 predicto:
1281 2729 1502 2776 reddend'
1562 2729 1668 2776 inde
1726 2729 1962 2777 annuatim
