2181 3155
372 223 463 282 348
851 220 1086 267 DOVER
1123 221 1496 268 CHARTERS

1109 421 1152 472 C
1173 421 1195 471 1
1217 422 1260 471 I.

775 537 818 589 iij
855 536 1151 587 Novembris,
1187 544 1240 588 35
1273 537 1394 579 Hen.
1427 537 1561 578 VIII.

367 639 483 686 Sem
495 655 561 687 NT
586 651 820 703 presentes
844 650 889 686 et
920 638 1070 686 futuri
1097 639 1227 704 quod
1262 656 1346 686 nos
1368 640 1604 701 Johannes
1629 638 1784 697 Elam,
1818 638 1978 704 Major

369 706 476 753 ville
495 718 541 753 et
566 707 741 754 Portus
761 707 996 764 Dovorre‚
1023 707 1234 753 Thomas
1256 706 1561 770 Myddleton‚
1587 707 1798 753 Thomas
1826 705 1976 765 Peter,

368 775 579 820 Thomas
626 775 765 832 Alen,
808 786 853 821 et
897 774 1138 821 Henricus
1178 774 1462 830 Harwoode,
1515 774 1748 821 Custodes
1786 774 1895 819 ville
1930 784 1977 821 et

368 853 533 904 portus
581 841 794 904 predicti,
841 858 896 887 ex
955 841 1160 887 unanimi
1210 858 1393 888 assensu
1447 853 1492 888 et
1541 857 1770 888 concensu
1828 840 1978 887 tocius

369 908 738 955 Communitatis
762 907 872 955 ville
907 919 952 954 et
979 921 1145 971 portus
1182 909 1393 971 predicti,
1419 909 1637 955 dedimus
1669 907 1979 954 concessimus

366 987 426 1033 et,
486 975 568 1021 hac
627 975 827 1037 presenti
881 987 1003 1022 carta
1073 986 1231 1021 nostra
1290 976 1541 1032 indentata,
1596 975 1978 1023 confirmavimus

368 1041 631 1088 Edmundo
674 1042 847 1105 Mody,
872 1059 1117 1106 generoso,
1143 1042 1314 1089 ballivo
1351 1043 1457 1089 ville
1490 1055 1535 1088 et
1569 1054 1731 1105 portus
1767 1042 1977 1105 predicti,

369 1126 507 1155 unam
555 1126 749 1156 vacuam
793 1110 967 1172 peciam
1015 1122 1133 1156 terre
1181 1126 1287 1156 cum
1331 1110 1626 1173 pertinenciis
1659 1110 1890 1175 jacentem
1931 1120 1976 1156 et

371 1177 644 1222 existentem
705 1175 826 1223 infra
884 1177 1142 1223 libertatem
1201 1177 1311 1224 ville
1358 1189 1402 1223 et
1464 1190 1627 1240 portus
1684 1176 1879 1240 predicti
1929 1176 1975 1222 in

369 1243 765 1300 Werstonwarde‚
791 1244 1078 1290 abuttantem
1111 1261 1250 1308 super
1284 1256 1453 1290 terram
1480 1244 1711 1290 Clementi
1737 1245 1979 1308 Gregorye

367 1327 423 1357 ex
449 1310 655 1373 partibus
684 1311 895 1357 orientali
920 1323 965 1358 et
992 1311 1170 1369 boriali,
1194 1323 1239 1358 et
1267 1329 1405 1375 super
1441 1326 1739 1358 communem
1764 1312 1888 1357 viam
1920 1327 1977 1357 ex

366 1377 574 1440 partibus
597 1377 871 1425 occidentali
897 1390 941 1425 et
967 1379 1170 1436 australi,
1195 1396 1285 1443 que
1310 1379 1500 1443 quidem
1529 1396 1670 1425 vacua
1706 1379 1833 1442 pecia
1856 1389 1977 1424 terre

369 1461 518 1507 nuper
565 1445 764 1510 contigit
806 1444 914 1492 ville
963 1457 1008 1491 et
1057 1446 1213 1509 portui
1266 1446 1477 1508 predicto
1518 1463 1599 1508 per
1641 1462 1733 1492 non
1782 1444 1976 1492 faciend'

365 1511 616 1558 servicium
665 1513 875 1559 Domino
913 1524 1076 1559 nostro
1119 1513 1236 1577 Regi
1285 1513 1542 1559 secundum
1591 1513 1976 1560 consuetudinem

368 1590 531 1642 portus
557 1579 782 1642 predicti:
823 1579 1020 1626 habend'
1039 1591 1084 1626 et
1111 1580 1296 1627 tenend'
1313 1580 1564 1643 predictam
1590 1597 1782 1627 vacuam
1804 1580 1977 1643 peciam

369 1658 488 1692 terre
513 1663 623 1693 cum
646 1647 941 1710 pertinenciis
966 1646 1147 1710 prefato
1173 1647 1435 1694 Edmundo
1461 1647 1634 1711 Mody,
1661 1647 1909 1694 heredibus
1932 1657 1977 1693 et

368 1714 610 1777 assignatis
634 1715 743 1772 suiS,
762 1714 1109 1778 imperpetuum
1138 1734 1145 1761 :
1173 1713 1368 1761 faciend'
1389 1715 1495 1760 inde
1516 1715 1764 1761 servicium
1784 1713 1980 1762 domino

371 1792 531 1827 nostro
563 1781 677 1845 Regi
711 1782 969 1828 secundum
1013 1782 1400 1828 consuetudinem
1439 1793 1607 1844 portus
1640 1781 1833 1844 predicti
1871 1797 1977 1827 cum

369 1847 620 1895 acciderit:
682 1848 909 1896 reddend'
964 1849 1109 1896 eciam
1167 1850 1407 1896 annuatim
1458 1848 1650 1912 prefatis
1699 1848 1873 1913 Majori
1930 1858 1975 1894 et

371 1914 660 1962 Custodibus
685 1916 794 1961 ville
826 1927 871 1962 et
897 1927 1058 1978 portus
1088 1917 1282 1980 predicti
1309 1928 1354 1963 et
1384 1916 1723 1963 successoribus
1757 1916 1813 1962 ad
1841 1931 1976 1961 usum

370 1981 477 2028 ville
503 1993 549 2028 et
574 1994 736 2045 portus
762 1983 954 2045 predicti
982 1995 1088 2030 octo
1124 1984 1335 2030 denarios
1358 1983 1693 2048 sterlingorum
1723 1984 1779 2030 ad
1805 1982 1977 2029 festum

370 2049 725 2112 Assumpcionis
755 2049 885 2096 beate
913 2050 1066 2096 Marie
1094 2051 1301 2114 Virginis
1325 2051 1566 2097 annuatim
1591 2050 1829 2096 solvend’:
1868 2061 1913 2096 et
1939 2049 1974 2095 si

368 2117 606 2180 contingat
631 2117 808 2163 dictum
834 2117 1077 2164 annualem
1104 2118 1340 2165 redditum
1362 2129 1471 2164 octo
1503 2118 1801 2164 denariorum
1827 2128 1979 2163 aretro

370 2181 470 2229 fore
511 2183 557 2229 in
593 2195 721 2246 parte
761 2185 832 2230 vel
874 2185 919 2230 in
963 2195 1063 2231 toto
1102 2196 1207 2248 post
1251 2184 1422 2231 festum
1468 2185 1728 2248 predictum
1769 2200 1878 2248 quo,
1925 2194 1975 2231 ut

370 2248 618 2312 prefertur,
655 2250 772 2297 solvi
810 2250 975 2298 debeat
1014 2269 1104 2298 non
1145 2252 1354 2298 solutum
1397 2270 1478 2316 per
1509 2252 1799 2316 quarterium
1840 2250 1977 2297 unius

369 2317 491 2373 anni,
519 2318 647 2381 quod
674 2330 848 2364 extunc
875 2319 989 2364 bene
1014 2318 1167 2366 licebit
1195 2318 1384 2382 prefatis
1413 2319 1584 2384 Majori
1619 2330 1663 2365 et
1691 2317 1977 2365 Custodibus

369 2383 476 2430 ville
513 2396 558 2430 et
597 2396 762 2448 portus
798 2386 994 2448 predicti
1033 2398 1078 2432 et
1120 2386 1458 2433 successoribus
1498 2387 1593 2432 suis
1634 2386 1679 2432 in
1723 2385 1975 2448 predictam

370 2467 562 2497 vacuam
597 2453 770 2514 peciam
815 2464 932 2499 terre
976 2470 1081 2499 cum
1122 2453 1419 2516 pertinenciis
1454 2454 1550 2499 suis
1584 2453 1805 2499 reintrare
1841 2464 1885 2498 et
1928 2451 1974 2498 in

370 2518 565 2580 pristino
611 2530 733 2565 statu
784 2520 1000 2566 rehabere
1058 2531 1104 2567 et
1165 2521 1415 2583 possidere,
1460 2522 1541 2567 hac
1597 2520 1794 2595 presenti
1855 2530 1976 2566 carta

370 2585 608 2632 indentata
639 2596 684 2632 et
722 2586 886 2633 seisina
921 2604 1058 2650 super
1091 2588 1283 2634 eandem
1323 2587 1571 2634 deliberata
1609 2587 1653 2633 in
1692 2586 1975 2632 contrarium

369 2652 528 2715 aliquo
571 2653 715 2699 modo
757 2671 848 2699 non
884 2654 1128 2700 obstante:
1168 2667 1212 2701 et
1258 2673 1342 2700 nos
1384 2672 1492 2701 vero
1529 2653 1692 2718 prefui
1741 2653 1900 2718 Major
1930 2664 1974 2699 et

370 2718 602 2765 Custodes
647 2732 692 2766 et
740 2738 1023 2767 successores
1067 2723 1212 2768 nostri
1258 2722 1511 2785 predictam
1563 2738 1750 2768 vacuam
1802 2719 1973 2784 peciam
