2181 3155
300 142 394 200 448
781 135 1015 184 DovER
1051 134 1414 183 CHARTERS

893 268 939 319 c
956 267 1014 318 Χ
1031 267 1089 318 Χ
1107 266 1165 317 Χ
1185 267 1207 317 1
1228 267 1250 316 1
1273 266 1314 320 1.

813 383 861 436 xj
894 382 1153 434 Februarii,
1187 391 1239 424 10
1273 380 1391 424 Eliz.

302 487 418 534 an
456 486 705 534 indentura
739 497 938 534 testatur
973 485 1103 550 quod
1139 501 1244 541 n03‚
1286 484 1498 532 Thomas
1524 484 1721 549 Pepper,
1748 484 1907 531 Maior

301 554 410 601 ville
432 565 481 602 et
503 565 668 618 portus
687 555 868 611 Dovor,
887 553 934 599 in
954 552 1195 600 Comitatu
1215 551 1404 610 Kancie,
1428 551 1662 599 Robertus
1681 551 1907 615 ffynnytt,

302 622 586 669 Rowlandus
634 621 796 677 Micle,
842 620 1043 682 Jacobus
1083 619 1304 675 Steward,
1346 630 1392 666 et
1432 619 1645 666 Thomas
1686 618 1906 677 Challice,

302 688 535 736 Custodes
559 688 682 735 dicte
717 687 841 744 ville,
879 704 970 733 una
1006 687 1147 734 animi
1183 703 1370 733 assensu
1409 696 1455 733 et
1493 702 1725 734 concensu
1760 686 1910 733 totius

302 756 619 804 Comunitatis
653 755 861 819 ejusdem
895 753 1005 802 ville
1041 753 1355 812 tradiderunt,
1392 764 1730 810 concesserunt,
1769 764 1815 800 et
1850 752 1910 800 ad

301 822 428 870 feodi
470 823 652 869 firmam
692 822 981 869 demiserunt
1028 820 1241 884 predicto
1280 819 1541 867 Rowlando
1583 820 1731 867 Micle
1768 836 1908 867 unam

300 906 493 937 vacuam
517 889 695 954 peciam
718 899 839 936 terre
863 904 970 935 cum
994 887 1211 934 omnibus
1240 887 1555 950 pertinenciis,
1591 887 1909 935 continentem

302 956 363 1022 xij
413 956 511 1003 fote
555 972 735 1020 square,
771 955 1004 1020 jacentem
1051 966 1096 1001 et
1143 955 1417 1002 existentem
1465 953 1587 1001 infra
1622 954 1910 1001 Libertatem

303 1023 429 1081 ville,
469 1034 516 1070 et
556 1033 722 1086 portus
762 1024 930 1070 Dovor
971 1022 1192 1085 predicte,
1235 1021 1283 1068 in
1325 1021 1525 1085 quadam
1561 1021 1715 1068 warda
1748 1031 1911 1068 vocata

302 1090 491 1155 Shingle
514 1090 706 1148 Warde,
736 1089 858 1136 inter
882 1105 1179 1136 communem
1207 1088 1414 1135 venelam
1441 1105 1588 1152 usque
1611 1088 1908 1144 southweste,

302 1168 349 1205 et
389 1169 562 1204 terram
610 1156 808 1220 predicti
868 1155 1113 1203 Rowlandi
1164 1156 1310 1202 Micle
1358 1172 1506 1219 usque
1555 1155 1818 1203 northeaste
1864 1164 1912 1201 et

302 1225 582 1281 southeaste‚
630 1234 676 1270 et
721 1234 894 1270 terram
940 1223 1128 1269 Thome
1169 1222 1393 1269 Wattson
1436 1239 1581 1286 usque
1618 1222 1907 1270 northwest:

305 1290 529 1339 Habend'
571 1301 617 1337 et
657 1290 846 1337 tenend’
888 1289 1145 1354 predictam
1186 1306 1378 1336 vacuam
1420 1289 1597 1353 peciam
1637 1300 1760 1336 terre
1802 1304 1909 1335 cum

304 1358 522 1406 omnibus
544 1357 638 1404 suis
662 1357 960 1432 pertinenciis
988 1355 1172 1419 prefato
1192 1356 1454 1403 Rowlando
1474 1355 1636 1413 Micle,
1662 1354 1912 1402 heredibus

303 1437 351 1472 et
385 1424 624 1501 assignatis
646 1424 756 1482 suiS‚
779 1441 805 1470 a
830 1424 972 1471 Festo
1009 1423 1160 1470 Sancti
1190 1422 1409 1469 Michelis
1433 1423 1716 1486 Archangeli
1742 1422 1912 1469 ultimo

305 1492 554 1556 preterrito
588 1501 694 1538 ante
728 1491 891 1538 datum
927 1490 1226 1553 presentium,
1265 1490 1323 1537 de
1357 1506 1479 1536 anno
1517 1490 1562 1536 in
1601 1506 1776 1536 annum
1815 1504 1912 1535 uno

307 1571 411 1623 post
451 1559 595 1605 alium
637 1574 782 1633 usque
822 1557 877 1604 ad
921 1557 1061 1604 finem
1101 1568 1148 1604 et
1185 1557 1442 1603 terminum
1467 1557 1656 1603 lxxxxix
1681 1571 1910 1603 annorum

305 1637 477 1673 extunc
524 1625 846 1699 proximorum
892 1623 1187 1688 sequentium
1245 1634 1291 1670 et
1350 1623 1554 1687 plenarie
1612 1621 1907 1686 complend’:

306 1692 503 1740 faciend’
541 1692 648 1739 inde
683 1691 932 1738 servicium
967 1690 1159 1738 domine
1193 1690 1352 1754 regine
1383 1691 1639 1737 secundum
1665 1699 1910 1737 consuetu-

306 1761 465 1808 dinem
511 1770 677 1821 portus
723 1759 889 1805 Dovor
936 1758 1142 1820 predicte
1199 1774 1306 1804 cum
1363 1756 1612 1804 acciderit:
1673 1774 1722 1804 ac
1767 1757 1911 1803 eciam

307 1825 530 1874 reddend'
571 1836 619 1873 et
658 1825 869 1872 solvend’
912 1824 1019 1872 inde
1060 1825 1300 1871 annuatim
1343 1824 1517 1871 Maiori
1550 1835 1596 1870 et
1623 1823 1912 1870 Custodibus

307 1894 431 1941 dicte
471 1891 580 1939 ville
621 1893 701 1956 qui
738 1903 850 1938 tunc
886 1908 972 1954 pro
1009 1902 1219 1954 tempore
1243 1889 1419 1937 fuerint
1444 1891 1488 1937 in
1518 1892 1656 1938 Festo
1681 1891 1912 1953 Assump-

308 1960 453 2008 cionis
490 1962 627 2007 Beate
666 1958 819 2005 Marie
844 1958 1054 2022 Virginis
1077 1969 1278 2022 quatuor
1302 1957 1516 2004 denarios
1542 1957 1659 2005 bone
1684 1969 1729 2005 et
1754 1956 1913 2020 legalis

309 2038 495 2075 monete
531 2026 708 2090 Anglie
745 2042 830 2089 pro
865 2025 1051 2072 annuali
1085 2025 1271 2072 reditu:
1312 2024 1376 2071 Et
1401 2025 1436 2071 si
1463 2024 1705 2099 contingat
1731 2024 1908 2088 predic-

309 2106 410 2142 tum
434 2093 677 2140 annualem
697 2093 932 2139 redditum
957 2092 1015 2138 de
1039 2092 1130 2139 ivd
1158 2092 1215 2138 ad
1241 2090 1414 2138 festum
1441 2092 1514 2138 vel
1541 2092 1794 2138 terminum
1813 2107 1912 2155 quo

310 2161 427 2208 solvi
453 2159 617 2207 debeat
642 2177 666 2206 a
690 2170 817 2206 retro
842 2158 978 2205 fore
970 2176 1014 2204 m
1042 2170 1169 2222 parte
1195 2159 1303 2204 vel
1295 2176 1339 2204 ιη
1366 2169 1468 2205 toto
1502 2158 1622 2205 ultra
1657 2158 1911 2205 terminum

311 2228 572 2292 predictum
615 2243 695 2289 per
730 2225 934 2289 spacium
976 2243 1036 2272 xv
1072 2225 1272 2282 dierum,
1298 2224 1505 2288 legitime
1542 2236 1775 2290 rogatum,
1801 2235 1912 2271 tunc

309 2296 491 2342 licitum
515 2293 603 2341 erit
631 2292 804 2339 Maiori
830 2303 876 2339 et
902 2291 1188 2339 Custodibus
1213 2264 1320 2338 ville
1357 2293 1562 2355 predicte
1586 2292 1665 2356 qui
1693 2304 1803 2338 tunc
1827 2307 1914 2355 pro

309 2374 521 2425 tempore
572 2359 746 2406 fuerint
799 2362 845 2406 in
899 2359 1154 2423 predictam
1197 2375 1386 2405 vacuam
1430 2360 1603 2422 peciam
1645 2370 1766 2405 terre
1806 2374 1913 2404 cum

311 2429 529 2477 omnibus
565 2426 872 2489 pertinenciis,
903 2426 962 2473 ad
996 2442 1312 2490 quascumque
1349 2443 1513 2472 manus
1543 2426 1765 2481 evenerit,
1792 2425 1914 2472 rein-

311 2509 446 2553 trare,
472 2494 702 2550 rehabere,
726 2504 771 2539 et
807 2493 994 2555 pacifice
1023 2493 1225 2557 gaudere
1261 2504 1313 2539 ut
1350 2493 1395 2538 in
1431 2504 1555 2540 statu
1592 2509 1678 2539 suo
1702 2491 1915 2555 pristino,

311 2580 361 2611 ac
414 2561 677 2626 predictum
720 2558 1031 2606 Rowlandum
1076 2558 1238 2615 Micle,
1272 2570 1318 2606 et
1354 2558 1611 2624 assignatos
1645 2575 1768 2615 suos,
1806 2558 1916 2606 inde
