2192 3342
426 246 490 289 40
906 228 1135 277 DOVER
1173 227 1540 276 CHARTERS

1129 358 1188 410 X
1207 358 1230 410 1
1247 357 1325 413 X.

858 476 973 530 xxvj
1006 476 1266 528 Februarii,
1296 483 1324 519 2
1353 474 1488 520 Edw.
1521 475 1609 518 111.

428 581 731 628 EDwARDus
768 582 841 629 dei
877 581 1027 645 gratia
1064 582 1163 628 Rex
1205 579 1395 646 Anglie,
1433 580 1671 628 Dominus
1706 579 1958 638 Hibernie,
1987 589 2034 626 et

429 650 542 695 Dux
566 648 838 713 Aquitanie,
866 647 1108 697 Omnibus
1131 648 1189 696 ad
1225 665 1346 713 quos
1371 659 1606 713 presentes
1633 647 1788 695 littere
1811 663 2036 711 pervene-

429 715 812 763 rint—Salutem.
885 715 1180 779 Inspeximus
1210 727 1384 763 cartam
1421 726 1627 763 nostram
1663 713 2036 762 confirmacionis

428 800 569 847 quam
597 800 745 846 nuper
761 782 849 830 sub
867 782 1023 848 sigillo
1041 800 1139 848 quo
1163 793 1277 831 tunc
1291 783 1543 832 utebamur
1561 781 1758 830 fecimus
1776 780 2037 830 Batonibus

429 850 640 915 quinque
664 861 893 914 portuum
917 861 1187 898 nostrorum
1211 850 1259 897 in
1284 850 1367 897 hec
1392 850 1544 898 verba.

531 917 796 964 Edwardus
833 918 904 964 dei
931 919 1094 980 gracia
1136 918 1236 965 Rex
1281 917 1443 981 Anglie
1482 917 1697 965 Dominus
1748 916 1954 963 Hibernie
1998 927 2040 962 et

434 984 544 1032 Dux
569 985 819 1048 Aquitanie
848 984 1059 1032 Omnibus
1083 985 1147 1032 ad
1166 1001 1263 1050 quos
1282 996 1502 1048 presentes
1527 985 1670 1032 littere
1687 986 2038 1047 pervenerint—

432 1052 636 1099 Salutem.
723 1052 997 1114 Inspeximus
1035 1052 1202 1100 litteras
1236 1064 1430 1115 patentes
1468 1069 1576 1117 quas
1622 1051 1803 1099 celebris
1842 1053 2039 1097 memorie

432 1118 653 1166 Dominus
699 1119 754 1166 E.
799 1120 1010 1183 quondam
1053 1120 1152 1167 Rex
1198 1120 1358 1184 Anglie
1398 1136 1515 1167 avus
1547 1130 1690 1166 noster
1721 1119 1840 1181 fecit
1876 1119 1923 1164 in
1964 1116 2038 1164 hec

429 1185 583 1233 verba.

533 1253 797 1300 Edwardus
838 1253 907 1300 dei
940 1250 1094 1317 gracia
1137 1254 1246 1302 Rex
1289 1254 1454 1317 Anglie
1490 1253 1709 1300 Dominus
1747 1252 1961 1300 Hibernie
2001 1262 2043 1298 et

433 1321 544 1366 Dux
567 1320 1093 1384 Aquitanie—Omnibus
1129 1322 1192 1367 ad
1221 1337 1323 1385 quos
1340 1333 1556 1383 presentes
1587 1321 1727 1367 littere
1753 1320 2043 1381 pervenerint

430 1387 704 1434 —Salutem.
767 1387 1095 1436 Considerantes
1119 1389 1236 1452 quod
1255 1390 1485 1452 navigium
1510 1400 1698 1435 nostrum
1723 1389 1907 1451 quinque
1933 1399 2041 1447 por-

432 1467 554 1502 tuum
580 1470 660 1501 non
683 1454 842 1518 absque
866 1457 1037 1518 magnis
1062 1456 1299 1518 sumptibus
1323 1468 1365 1502 et
1385 1457 1577 1517 expensis
1593 1456 1753 1516 poterit
1775 1455 2010 1501 sustentari
2024 1473 2039 1510 ,-

431 1538 482 1568 ne
506 1523 733 1584 navigium
758 1523 873 1569 illud
891 1522 1062 1579 deficiat
1081 1523 1159 1569 vel
1171 1535 1326 1584 pereat
1359 1524 1402 1568 in
1425 1522 1649 1584 futurum,
1675 1523 1941 1568 concessimus
1958 1532 2040 1583 pro

432 1588 552 1636 nobis
589 1600 630 1634 et
667 1589 890 1636 heredibus
931 1591 1082 1636 nostris
1123 1590 1237 1653 quod
1266 1606 1401 1637 omnes
1426 1590 1493 1636 illi
1526 1589 1578 1636 de
1613 1590 1795 1652 quinque
1827 1587 2040 1650 portubus

428 1657 644 1717 predictis,
670 1668 711 1702 et
740 1657 819 1702 alii
853 1658 1099 1720 quicumque
1128 1657 1386 1704 advocantes
1415 1673 1459 1703 se
1491 1656 1543 1703 de
1572 1656 1765 1702 libertate
1799 1655 2039 1711 eorundem,

433 1734 474 1769 et
512 1722 610 1769 inde
641 1723 836 1785 gaudere
876 1724 1074 1780 volentes,
1118 1723 1403 1780 contribuant,
1446 1724 1649 1770 videlicet
1691 1722 1866 1786 quilibet
1899 1738 2041 1769 eorum

419 1791 555 1852 juxta
578 1789 813 1850 facultates
847 1806 949 1837 suas
983 1791 1048 1837 ad
1065 1790 1268 1852 faciend'
1294 1791 1523 1838 servicium
1560 1801 1745 1837 nostrum
1778 1801 1820 1836 et
1840 1789 2040 1836 heredum

433 1867 670 1903 nostrorum
696 1857 747 1903 de
771 1857 960 1904 navibus
985 1859 1081 1904 suis
1110 1875 1203 1905 cum
1240 1876 1267 1904 a
1303 1857 1422 1905 nobis
1447 1858 1524 1904 vel
1541 1856 1766 1904 heredibus
1790 1858 1945 1904 nostris
1968 1856 2044 1903 hoc

434 1924 670 1970 habuerint
705 1925 749 1971 in
781 1925 1011 1972 mandatis.
1087 1925 1142 1972 In
1180 1926 1299 1988 cujus
1337 1927 1404 1971 rei
1442 1926 1723 1971 testimonium
1758 1925 1837 1970 has
1873 1924 2042 1970 litteras

434 2002 596 2037 nostras
630 1990 735 2049 fieri
767 1991 949 2054 fecimus
986 2003 1193 2053 patentes.
1285 1993 1401 2038 Teste
1448 2009 1512 2038 me
1553 1993 1639 2053 ipso
1680 1992 1805 2052 apud
1841 1992 2041 2038 Sanctum

435 2057 654 2104 Albanum
679 2060 881 2105 vicesimo
905 2070 1053 2106 octavo
1077 2059 1145 2106 die
1170 2059 1349 2120 Aprilis
1375 2075 1486 2105 anno
1523 2060 1643 2123 regni
1676 2059 1813 2105 nostri
1836 2059 2043 2105 vicesimo

433 2136 560 2172 sexto.

539 2191 633 2238 Nos
656 2203 797 2239 autem
822 2194 1122 2240 concessionem
1141 2193 1384 2255 predictam
1419 2204 1558 2239 ratam
1584 2192 1784 2239 habentes
1808 2204 1849 2239 et
1867 2204 2043 2255 gratam

437 2276 528 2305 eam
558 2271 644 2320 pro
682 2259 800 2306 nobis
841 2270 881 2306 et
919 2260 1146 2307 heredibus
1178 2262 1340 2306 nostris
1371 2261 1631 2307 concedimus
1660 2272 1700 2306 et
1726 2259 2042 2318 confirmamus,

437 2330 545 2373 sicut
569 2327 703 2373 littere
718 2327 913 2387 predicte
933 2327 1250 2374 racionabiliitr
1273 2338 1499 2374 testantur.
1564 2327 1627 2373 Et
1660 2329 1763 2390 quia
1787 2326 2045 2387 supradictis

439 2393 586 2439 verbis
621 2393 902 2456 generalibus
944 2396 989 2441 in
1026 2396 1232 2456 predictis
1268 2395 1421 2441 litteris
1457 2396 1669 2450 contentis,
1698 2394 1903 2440 videlicet
1936 2393 2050 2457 quod

439 2460 617 2523 quilibet
668 2461 939 2508 contribuant
982 2463 1118 2524 juxta
1158 2461 1392 2523 facultates
1443 2478 1539 2508 suas
1591 2472 1690 2507 ante
1729 2461 1803 2508 hec
1849 2466 2044 2522 tempora

440 2528 722 2574 dissensiones
762 2530 892 2574 varie
945 2540 1048 2575 sunt
1092 2528 1272 2576 suborte.
1367 2528 1474 2585 Nos,
1515 2540 1561 2574 ut
1605 2528 1798 2574 Barones
1839 2540 2044 2590 portuum

435 2594 723 2656 predictorum
776 2597 1017 2642 servicium
1062 2595 1310 2656 predictum
1358 2596 1480 2642 nobis
1526 2607 1567 2642 et
1611 2594 1843 2642 heredibus
1892 2596 2046 2641 nostris

441 2661 699 2708 commodius
744 2662 902 2722 facere
947 2663 1128 2708 valeant
1167 2663 1435 2723 temporibus
1487 2664 1726 2725 oportunis,
1773 2662 1825 2708 de
1871 2661 2047 2708 consilio

442 2729 709 2774 Prelatorum
752 2730 961 2776 Comitum
1001 2741 1040 2775 et
1079 2730 1302 2776 Baronum
1345 2741 1604 2786 nostrorum,
1642 2746 1692 2774 ac
1732 2730 2046 2775 communitatis

442 2799 563 2858 regni
599 2798 738 2841 nostri
774 2798 816 2842 in
846 2799 1037 2858 presenti
1065 2798 1354 2859 parliamento
1393 2808 1536 2843 nostro
1571 2808 1911 2852 convocatorum,
1949 2812 2046 2842 con-
