2181 3155
369 216 462 277 316
846 214 1085 262 DOVER
1122 212 1492 262 CHARTERS

365 348 524 396 catalla
557 348 712 396 exitus
751 359 797 395 et
838 347 1046 412 proficua
1081 347 1254 394 eisdem
1291 346 1482 411 Majori,
1522 345 1719 402 Ballivo,
1743 356 1790 392 et
1827 345 1974 392 Com-

369 415 588 463 munitati
630 416 797 462 damus
837 427 883 461 et
925 415 1227 461 concedimus
1268 430 1348 477 per
1385 424 1618 476 presentes
1654 413 1701 459 in
1742 428 1974 477 quorum-

368 499 584 547 cumque,
611 483 709 530 sive
734 482 1090 547 cujuscumque,
1113 480 1325 528 manibus
1343 497 1424 527 seu
1446 480 1731 542 possessione
1751 480 1972 535 existunt,

368 562 447 597 aut
473 550 626 614 aliqua
649 550 842 613 parcella
865 549 1124 596 eorundem
1151 548 1321 604 existit,
1357 564 1406 593 ac
1442 547 1570 593 dono
1606 558 1766 594 nostro
1801 546 1974 610 absque

369 617 528 681 aliquo
566 628 788 680 compoto
825 633 906 663 seu
945 617 1104 680 aliquo
1141 615 1232 662 alio
1271 615 1405 661 nobis
1430 613 1503 660 vel
1531 613 1781 661 heredibus
1807 612 1976 660 nostris

371 685 479 731 inde
503 684 743 741 reddend',
766 683 993 740 solvend',
1017 700 1099 730 seu
1130 681 1326 729 faciend'
1351 701 1359 728 :
1403 681 1761 728 Peaoommus
1789 681 1976 743 insuper

372 751 658 798 remittimus
682 762 728 797 et
753 751 1010 797 relaxamus
1035 750 1208 797 eisdem
1240 749 1428 814 Majori,
1456 747 1649 805 Ballivo,
1677 760 1722 795 et
1748 747 1978 794 Commu-

373 818 504 865 nitati
530 818 830 865 omnimodos
855 829 1154 880 contemptus
1179 817 1292 863 fines
1311 828 1356 862 et
1378 814 1695 862 forisfacturas
1721 814 1869 869 nobis,
1894 830 1976 861 seu

371 886 507 932 alicui
534 885 888 949 progenitorum
928 896 1214 939 nostrorum,
1252 882 1397 930 factos
1431 883 1529 928 sive
1566 880 1841 938 forisfactOS,
1873 892 1978 927 ante

372 953 553 999 dictum
581 952 854 998 vicesimum
897 952 1094 998 tercium
1136 951 1277 1008 diem,
1321 967 1408 1013 pro
1448 950 1613 996 ordine
1656 949 1842 996 militari
1887 965 1977 995 non

372 1030 589 1082 suscepto
613 1037 694 1066 seu
720 1019 1016 1082 suscipiend',
1040 1019 1138 1064 sive
1164 1035 1257 1064 non
1282 1017 1544 1064 assumend'
1583 1017 1655 1063 vel
1693 1014 1943 1079 recipiend’
1967 1033 1975 1061 :

375 1086 592 1133 Aceciam
617 1087 774 1132 omnia
798 1098 844 1132 et
872 1086 1146 1132 omnimoda
1164 1096 1289 1131 vasta
1309 1085 1704 1148 prosternaciones
1722 1095 1767 1130 et
1792 1083 1982 1129 decasus

375 1154 646 1211 domorum,
670 1164 776 1200 ante
801 1153 1006 1200 eundem
1031 1153 1156 1200 diem
1182 1151 1300 1198 facta
1324 1151 1546 1215 permissa
1569 1152 1666 1197 sive
1705 1160 1978 1214 perpetrata,

377 1232 535 1268 contra
589 1219 789 1267 formam
842 1221 1004 1267 statuti
1058 1219 1237 1266 domini
1293 1219 1363 1265 H.
1423 1235 1572 1280 nuper
1622 1218 1763 1282 Regis
1809 1216 1983 1280 Anglie

377 1288 579 1351 septimi,
611 1288 752 1351 patris
777 1287 939 1344 nostri,
963 1304 1085 1334 anno
1111 1286 1240 1351 regni
1265 1286 1336 1333 sui
1363 1298 1532 1349 quarto
1565 1286 1673 1332 inde
1709 1285 1915 1349 proviso,
1938 1294 1984 1330 et

377 1372 567 1403 omnem
593 1353 936 1402 forisfacturam
965 1354 1112 1412 nobis,
1139 1370 1220 1401 seu
1258 1353 1392 1400 alicui
1419 1353 1777 1416 progenitorum
1804 1363 1987 1398 nostro-

379 1439 501 1479 rum,
543 1439 593 1468 ea
633 1421 870 1469 occasione
908 1422 1219 1484 pertinentem
1256 1437 1336 1467 seu
1375 1432 1694 1483 spectantem:
1740 1421 1982 1465 Acncmm

380 1490 708 1553 perdonamus,
756 1488 1056 1544 remittimus,
1113 1499 1159 1534 et
1215 1487 1472 1534 relaxamus
1529 1486 1824 1533 omnimodas
1875 1485 1987 1531 fines

381 1570 426 1604 et
474 1556 829 1603 amerciamenta
877 1556 1208 1611 comitatuum,
1256 1555 1519 1609 civitatum,
1569 1553 1845 1618 burgorum,
1892 1551 1988 1598 sive

383 1624 599 1671 villarum
658 1635 738 1670 aut
797 1623 1060 1670 villatarum
1118 1639 1251 1669 causa
1302 1621 1512 1686 alicujus,
1565 1633 1670 1667 ante
1724 1620 1987 1683 predictum

385 1692 657 1738 vicesimum
683 1691 881 1737 tercium
908 1689 1032 1736 diem
1070 1689 1259 1754 Aprilis,
1298 1688 1445 1745 nobis,
1481 1705 1561 1735 seu
1599 1687 1733 1734 alicui
1772 1685 1991 1750 progeni-

382 1771 541 1806 torum
591 1768 876 1814 nostrorum,
918 1757 1097 1804 debitas
1138 1757 1234 1803 sive
1276 1755 1573 1819 deperditas:
1625 1756 1989 1802 Peaoomuus

383 1826 526 1873 eciam
552 1836 597 1871 et
623 1824 880 1871 relaxamus
905 1824 1081 1872 eisdem
1111 1824 1300 1888 Majori,
1332 1823 1527 1878 Ballivo,
1562 1833 1606 1868 et
1647 1819 1989 1868 Communitati

383 1909 546 1940 omnes
600 1903 645 1938 et
681 1891 975 1938 omnimodas
1010 1891 1326 1938 edificationes
1367 1890 1616 1943 Turrium,
1661 1901 1707 1936 et
1750 1886 1992 1935 imbatilla-

385 1961 584 2016 cionem,
633 1958 989 2005 mascalcionum
1037 1959 1308 2013 domorum,
1358 1973 1620 2012 murorum,
1670 1967 1750 2003 aut
1799 1954 1992 2020 alicujus

385 2027 573 2073 alterius
614 2025 935 2083 edificationiS,
978 2027 1052 2072 vel
1091 2041 1507 2090 quorumcumque
1543 2022 1834 2070 edificiorum
1873 2023 1993 2085 ipso·

388 2111 494 2140 rum
522 2093 734 2158 Majoris,
761 2092 941 2148 Ballivi,
968 2104 1013 2139 et
1045 2092 1424 2145 Communitatis‚
1458 2108 1538 2137 seu
1577 2090 1773 2154 alicujus
1808 2089 1994 2136 alterius

386 2162 443 2207 ad
486 2177 650 2207 eorum
694 2176 849 2217 usum,
890 2161 1064 2223 absque
1106 2159 1292 2205 licencia
1340 2159 1478 2222 regia,
1531 2169 1637 2203 ante
1679 2174 1728 2203 ea
1770 2169 1993 2219 tempora,

389 2227 542 2284 factaS‚
569 2239 865 2290 perpetratas,
886 2239 965 2274 aut
987 2238 1214 2290 reparatas
1231 2243 1311 2289 per
1331 2226 1454 2288 ipsos
1476 2225 1725 2289 Majorem,
1746 2223 1993 2278 Ballivum‚

391 2307 435 2342 et
485 2294 889 2341 Communitatem
932 2306 1011 2340 aut
1054 2294 1187 2340 aliam
1226 2310 1469 2356 personam
1504 2308 1886 2355 quamcumque:
1924 2290 1995 2336 Ac

391 2378 529 2408 omne
571 2361 617 2408 id
661 2362 790 2424 quod
833 2362 888 2407 ad
934 2377 1016 2407 nos
1066 2360 1268 2424 pertinet
1322 2360 1394 2406 vel
1444 2358 1678 2422 pertinere
1731 2357 1868 2404 debet
1917 2366 1994 2404 aut

392 2429 581 2476 deberet
631 2429 807 2474 ratione
856 2429 1186 2492 premissorum
1235 2439 1313 2474 aut
1362 2443 1525 2473 eorum
1574 2424 1771 2489 alicujus
1825 2423 1995 2470 eisdem

397 2496 586 2560 Majori,
629 2495 820 2551 Ballivo,
860 2507 904 2541 et
946 2494 1288 2541 Communitati
1323 2495 1488 2540 damus
1524 2504 1568 2539 et
1595 2492 1895 2539 concedimus
1919 2505 1998 2554 per

395 2574 631 2626 presentes
655 2581 661 2608 :
705 2562 779 2608 ΕΤ
810 2579 1061 2608 ULTERws
1087 2562 1145 2608 de
1175 2561 1373 2608 uberiori
1401 2573 1445 2606 et
1468 2558 1830 2606 habundanciori
1850 2556 1997 2622 gracia

394 2642 439 2676 et
468 2647 597 2676 mero
623 2641 755 2676 motu
785 2629 952 2676 nostris
986 2629 1314 2692 perdonamus,
1348 2627 1647 2680 remittimuS,
1675 2637 1719 2672 et
1745 2626 1998 2671 relaxamus

397 2714 476 2760 per
536 2709 770 2760 presentes
825 2695 1013 2759 prefatis
1074 2695 1262 2768 Majori,
1322 2693 1514 2750 Ballivo,
1557 2705 1601 2739 et
1659 2687 1995 2739 communitati

396 2780 557 2810 omncs
581 2776 625 2810 et
652 2763 857 2827 singulas
882 2776 1116 2826 rupturas,
1139 2766 1376 2818 fracturas,
1403 2774 1444 2807 ct
1475 2760 1768 2816 violaciones,
1789 2757 1996 2805 omnium

2104 2707 2108 2715 ¹
2172 2699 2179 2729 ὅ
