2181 3155
335 189 428 233 218
815 182 1055 232 DOVER
1091 181 1462 230 CHARTERS

333 335 440 365 rum
493 327 757 365 nostrarum
809 315 1088 380 patencium‚
1147 331 1229 361 seu
1286 314 1498 361 brevium
1555 325 1827 362 nostrorum
1883 314 1942 362 de

334 401 505 461 magno
530 384 601 432 vel
628 385 810 448 privato
833 383 1003 458 sigillo,
1033 393 1112 428 aut
1149 399 1230 446 per
1260 381 1576 429 estallamenta
1610 383 1707 428 sive
1742 383 1941 445 assigna-

333 454 488 500 ciones
514 463 803 516 respectuata
820 451 1040 506 existunt,
1060 449 1256 495 omnino
1274 449 1492 513 exceptis,
1518 450 1579 495 ita
1603 449 1730 513 quod
1757 465 1942 512 presens

334 520 615 583 pardonacio
646 531 803 566 nostra
827 534 923 582 quo
946 517 1000 563 ad
1028 517 1265 580 premissa,
1298 533 1377 562 seu
1407 517 1558 579 aliqua
1589 517 1939 580 premissorum,

334 604 427 634 non
483 587 614 634 cedat
671 587 715 631 in
772 586 1033 648 dampnum
1090 583 1397 648 prejudicium
1455 583 1528 629 vel
1583 583 1938 647 derogacionem

333 654 524 719 alicujus
566 653 754 699 alterius
794 668 986 716 persone
1029 667 1169 715 quam
1218 667 1413 714 persone
1452 661 1644 706 nostre;
1697 651 1939 697 dumtaxat

334 721 525 785 proviso
577 737 757 782 semper
808 720 935 782 quod
985 719 1111 764 nulla
1158 718 1426 783 hujusmodi
1467 717 1746 780 pardonacio
1784 729 1941 764 nostra

333 789 490 852 aliquo
541 787 684 833 modo
733 785 894 843 valeat,
945 785 1182 842 allocetur,
1226 802 1307 831 ηερ
1346 785 1439 842 fiat,
1480 801 1560 830 ηερ
1598 784 1856 848 aliqualiter
1893 801 1940 829 se

334 855 551 902 extendat
584 854 641 900 ad
666 853 937 899 Alienoram
978 851 1208 909 Cobham‚
1249 852 1388 898 filiam
1426 821 1672 916 'Reginaldi
1711 851 1938 907 Cobham,

334 922 495 968 militis
521 938 532 976 ;
568 921 829 982 Johannem
856 920 1046 976 Bolton,
1070 919 1127 966 de
1157 919 1342 974 Bolton,
1381 920 1425 965 in
1465 918 1704 965 Comitatu
1743 919 1942 964 Lancas-

332 990 492 1048 trensi‚
536 987 835 1050 bladsmyth;
890 986 1185 1032 Willelmum
1228 986 1468 1050 Wyghan,
1512 1003 1658 1049 nuper
1699 987 1939 1032 custodem

332 1056 463 1120 gaole
500 1066 657 1102 nostre
693 1055 749 1102 de
786 1053 1111 1118 Notyngham‚
1150 1070 1231 1099 ηερ
1263 1054 1317 1100 ad
1352 1070 1515 1099 eorum
1548 1054 1766 1116 aliquem,
1793 1069 1941 1117 neque

332 1124 388 1170 ad
441 1122 661 1169 feloniam
701 1122 759 1168 de
806 1132 958 1167 morte
1004 1119 1249 1167 Cristoferi
1297 1120 1484 1176 Talbot,
1529 1120 1704 1176 militis,
1744 1119 1941 1166 felonice

333 1189 582 1246 interfecti,
621 1206 769 1251 nuper
798 1199 1106 1251 perpetratam
1130 1203 1142 1242 ;
1182 1204 1264 1233 ηερ
1292 1188 1419 1251 quod
1454 1204 1639 1250 presens
1663 1188 1942 1249 pardonacio

334 1269 505 1313 nostra,
532 1273 613 1302 ηερ
638 1257 789 1320 aliqua
814 1255 1084 1320 hujusmodi
1111 1255 1389 1317 pardonacio
1415 1266 1585 1310 nostra,
1611 1253 1870 1317 aliqualiter
1895 1270 1941 1300 se

331 1325 551 1372 extendat
589 1340 685 1387 quo
722 1323 777 1369 ad
816 1323 989 1386 aliquas
1027 1323 1150 1368 lanas
1189 1339 1269 1367 seu
1311 1321 1452 1385 pelles
1481 1321 1675 1379 lanitias‚
1720 1322 1790 1367 vel
1835 1320 1941 1367 alias

334 1391 641 1438 mercandisas
692 1390 749 1436 de
799 1389 992 1452 stapula‚
1045 1389 1100 1435 ad
1156 1388 1330 1452 aliquas
1383 1401 1534 1451 partes
1585 1401 1762 1434 exteras
1812 1400 1940 1434 extra

333 1475 529 1523 regnum
570 1468 783 1503 nostrum
821 1457 1011 1520 Anglie,
1050 1467 1211 1502 contra
1249 1454 1448 1502 formam
1493 1456 1652 1502 statuti
1694 1455 1738 1500 in
1778 1455 1942 1518 parlia-

333 1538 494 1572 mento
545 1536 708 1571 nostro
753 1524 875 1598 apud
918 1523 1405 1579 Westmonasterium,
1449 1523 1494 1568 in
1537 1522 1738 1568 crastino
1787 1523 1939 1569 Sancti

336 1592 533 1639 Martini
571 1607 694 1638 anno
732 1592 860 1654 regni
902 1591 1047 1636 nostri
1074 1590 1257 1636 decimo
1293 1602 1474 1647 octavo,
1512 1601 1660 1648 tento,
1697 1590 1827 1646 editi,
1859 1606 1938 1635 seu

331 1660 594 1724 aliquorum
630 1659 827 1704 aliorum
866 1668 1168 1713 statutorum,
1205 1658 1391 1703 cariatas
1428 1668 1473 1703 et
1503 1657 1748 1714 traductas,
1778 1673 1859 1703 ηερ
1883 1657 1939 1703 ad

331 1728 504 1791 aliquas
560 1724 876 1772 forisfacturas
932 1724 1065 1770 nobis
1120 1724 1166 1770 in
1225 1725 1305 1770 hac
1349 1736 1475 1787 parte
1517 1725 1802 1798 pertinentes
1843 1724 1939 1769 sive

333 1804 612 1858 spectantes,
656 1809 738 1838 nec
789 1793 846 1839 ad
887 1791 1265 1839 exoneraciones
1298 1792 1393 1837 sive
1447 1790 1823 1866 acquietaciones
1859 1790 1940 1836 ali—

333 1878 531 1925 quarum
570 1876 874 1923 personarum
911 1859 968 1905 de
994 1858 1318 1922 punicionibus
1343 1875 1481 1933 super
1507 1859 1624 1921 ipsas
1649 1858 1786 1904 fiend’
1804 1858 1939 1922 juxta

332 1927 532 1975 formam
559 1938 860 1984 statutorum,
886 1943 971 1988 pro
994 1926 1224 1989 aliquibus
1249 1926 1363 1971 lanis
1397 1927 1491 1971 sive
1531 1924 1732 1989 pellibus
1770 1925 1939 1971 lanitiis

332 1996 406 2043 vel
431 1996 530 2041 aliis
555 1993 850 2040 mercandisis
873 1993 931 2039 de
960 1992 1137 2055 stapula
1172 1993 1227 2039 ad
1265 1992 1440 2056 aliquas
1478 1992 1749 2057 hujusmodi
1789 2003 1939 2055 partes

332 2074 510 2109 exteras
556 2072 719 2107 contra
764 2059 962 2106 formam
1001 2059 1257 2106 eorundem
1297 2071 1579 2106 statutorum
1623 2059 1802 2106 cariatis
1843 2060 1938 2105 sive

333 2128 576 2184 traductiS,
618 2144 698 2175 ηερ
735 2127 864 2191 quod
905 2143 1090 2190 presens
1128 2126 1407 2190 pardonacio
1446 2139 1616 2182 nostra,
1658 2143 1738 2172 ηερ
1787 2126 1937 2189 aliqua

333 2195 601 2261 hujusmodi
645 2194 924 2258 pardonacio
967 2205 1136 2251 nostra,
1185 2195 1240 2241 ad
1284 2193 1463 2257 aliquos
1510 2209 1702 2258 magnos
1744 2209 1938 2256 compu-

334 2275 482 2311 tantes
522 2272 729 2317 nostros,
772 2261 1001 2320 videlicet,
1039 2261 1094 2307 ad
1129 2261 1467 2308 thesaurarium
1495 2261 1628 2307 Cales
1664 2272 1709 2306 et
1750 2260 1936 2323 hospitii

335 2331 498 2386 nostri,
538 2329 790 2376 vitellarios
831 2327 973 2383 CaleS,
1016 2328 1286 2374 camerarios
1328 2327 1511 2382 Cestre,
1550 2327 1853 2381 Northwalle
1892 2338 1936 2373 et

335 2397 596 2454 Suthwelle,
636 2395 853 2442 custodes
890 2394 1145 2458 garderobe
1183 2395 1374 2457 hospicii
1417 2396 1576 2451 nostri,
1615 2407 1691 2441 aut
1722 2394 1939 2441 custodes

334 2482 498 2529 magne
527 2436 781 2528 gaiderobe
808 2474 986 2516 nostre,
1006 2473 1085 2508 aut
1111 2462 1327 2508 custodes
1352 2463 1447 2508 sive
1472 2434 1660 2508 clericos
1684 2460 1938 2526 garderobe

335 2544 505 2587 nostre,
577 2530 767 2576 clericos
837 2529 1166 2592 operacionum
1234 2541 1520 2584 nostrarum,
1579 2528 1940 2575 constabularios

334 2599 611 2662 Burdegale,
659 2597 996 2643 thesaurarium
1046 2608 1167 2642 terre
1217 2607 1371 2642 nostre
1417 2596 1662 2651 Hibernie,
1699 2607 1745 2641 et
1783 2611 1939 2658 recep-

333 2678 457 2714 tores
483 2666 692 2711 Ducatus
719 2664 863 2710 nostri
893 2663 1156 2709 Lancastrie
1180 2674 1224 2709 et
1253 2664 1460 2710 Ducatus
1500 2664 1644 2710 nostri
1685 2662 1937 2718 Cornubie,
