2192 3342
448 272 463 303 1
477 258 535 318 38
921 256 1159 305 DOVER
1197 256 1567 305 CHARTERS

1138 456 1195 507 X
1216 457 1263 507 L
1277 456 1343 507 V.

908 574 970 626 xij
995 572 1228 624 Octobris,
1249 582 1276 614 2
1299 572 1463 625 Hem-y
1485 572 1563 615 IV.

437 674 631 722 SelANT
679 686 912 737 presentes
949 687 995 722 et
1038 673 1182 721 futuri
1226 675 1354 738 quod
1397 691 1487 738 ego
1523 674 1760 735 Johannes
1799 674 1948 730 Giles,
1986 674 2046 721 de

438 743 667 797 Dovorra,
695 741 803 788 dedi
833 742 1036 789 concessi
1063 753 1108 788 et
1134 743 1216 788 hac
1253 742 1453 806 presenti
1491 752 1616 788 carta
1651 758 1753 788 mea
1776 741 2045 789 confirmavi

437 809 624 855 Thome
659 819 731 855 ate
768 809 996 866 Crouche,
1033 809 1091 855 de
1133 809 1369 865 Dovorra,
1411 821 1456 856 et
1493 809 1723 870 Johanne,
1762 808 1894 855 uxori
1931 807 2045 873 ejus,

438 892 577 921 unam
611 892 759 922 acram
797 886 843 921 et
877 875 1120 922 dimidiam
1143 893 1293 922 acram
1329 888 1447 923 terre
1483 893 1588 922 cum
1624 876 1717 922 suis
1753 875 2049 939 pertinenciis

429 942 660 1006 jacentem
687 943 733 988 in
759 943 975 1006 parochia
996 943 1054 990 de
1079 943 1333 990 Cherltone
1366 943 1489 1006 apud
1523 942 1786 1001 Holstrete‚
1812 942 2045 1000 videlicet,

436 1009 559 1056 inter
583 1021 754 1057 terram
778 1009 892 1056 dicti
917 1010 1102 1058 Thome
1127 1028 1288 1057 versus
1321 1011 1478 1067 south,
1514 1023 1559 1058 et
1597 1022 1767 1056 terram
1807 1010 2047 1057 Prioratus

437 1077 656 1124 Dovorre
681 1093 840 1123 versus
863 1088 973 1134 east,
998 1088 1045 1124 et
1081 1089 1250 1124 terram
1289 1078 1488 1125 Henrici
1525 1078 1680 1124 Merle
1719 1094 1879 1124 versus
1914 1088 2043 1134 west,

435 1155 480 1190 et
506 1144 626 1191 inter
650 1156 821 1191 terram
847 1144 1131 1209 [quondam]
1157 1145 1342 1192 Ricardi
1369 1157 1442 1192 ate
1480 1145 1658 1209 Berghe
1685 1161 1842 1192 versus
1868 1144 2008 1190 north
2033 1163 2040 1191 :

437 1210 633 1258 habend'
669 1222 715 1258 et
753 1212 942 1258 tenend’
981 1212 1153 1259 dictam
1192 1229 1342 1259 acram
1383 1223 1429 1259 et
1465 1212 1705 1260 dimidiam
1750 1228 1900 1258 acram
1936 1228 2042 1258 cum

434 1278 653 1325 omnibus
675 1279 769 1327 suis
793 1278 1087 1343 pertinenciis
1113 1279 1302 1342 prefatis
1338 1280 1528 1326 Thome
1562 1292 1607 1326 et
1643 1279 1873 1340 Johanne,
1911 1278 2042 1325 uxori

433 1345 546 1410 ejus,
574 1345 820 1393 heredibus
855 1358 901 1393 et
935 1346 1176 1410 assignatis
1211 1347 1356 1410 ipsius
1391 1347 1577 1394 Thome
1614 1346 1962 1410 imperpetuum
1986 1346 2045 1392 de

435 1412 616 1476 capitali
657 1413 853 1460 domino
889 1412 1014 1461 feodi
1052 1413 1176 1460 illius
1218 1431 1298 1477 per
1339 1414 1530 1460 servicia
1568 1414 1674 1460 inde
1706 1413 1863 1460 debita
1899 1424 1946 1459 et
1986 1413 2044 1460 de

426 1479 532 1544 jure
569 1492 819 1527 consueta:
875 1492 921 1527 et
960 1497 1048 1544 ego
1085 1481 1325 1544 predictus
1364 1481 1599 1542 Johannes
1639 1491 1684 1527 et
1725 1480 1918 1526 heredes
1953 1480 2042 1526 mei

433 1547 701 1622 predictam
714 1565 864 1594 acram
890 1559 935 1594 et
953 1547 1195 1594 dimidiam
1221 1565 1370 1594 acram
1410 1559 1528 1595 terre
1564 1565 1670 1594 cum
1707 1546 1926 1594 omnibus
1949 1548 2044 1594 suis

433 1614 728 1677 pertinenciis
753 1613 946 1678 prefatis
969 1615 1154 1661 Thome
1178 1627 1223 1662 et
1246 1616 1475 1676 Johanne,
1498 1615 1632 1662 uxori
1652 1614 1767 1680 ejus,
1793 1613 2043 1662 heredibus

430 1692 475 1727 et
513 1681 755 1756 assignatis
802 1682 944 1745 ipsius
980 1682 1181 1740 Thome,
1219 1695 1381 1730 contra
1407 1700 1569 1730 omnes
1600 1694 1763 1747 gentes
1797 1682 2042 1729 warantiz-

431 1748 644 1795 abimus
635 1761 999 1824 imperpetuum.

532 1816 584 1863 In
611 1816 742 1881 cujus
766 1816 829 1863 rei
856 1817 1176 1864 testimonium
1203 1817 1310 1863 huic
1331 1817 1534 1882 presenti
1561 1829 1683 1864 carte
1709 1834 1807 1863 mee
1831 1815 2039 1882 sigillum

430 1899 586 1930 meum
610 1884 820 1947 apposui.

530 1951 711 1998 Datum
747 1951 871 2014 apud
919 1951 1172 1998 Cherltone
1221 1951 1502 1999 duodecimo
1544 1951 1618 1998 die
1652 1950 1875 1998 Octobris
1916 1967 2039 1997 anno

428 2018 558 2082 regni
587 2018 729 2082 Regis
754 2017 951 2065 Henrici
977 2018 1130 2082 quarti
1158 2030 1262 2082 post
1282 2030 1592 2082 conquestum
1619 2019 1793 2083 Anglie
1816 2018 2035 2067 secundo.

529 2084 642 2131 Hiis
678 2085 900 2132 testibus:
958 2086 1160 2133 Ricardo
1201 2098 1272 2132 ate
1310 2087 1529 2150 Berghe3
1592 2085 1808 2132 Henrico
1847 2086 2037 2141 Merle;

425 2151 636 2211 Johanne
660 2153 960 2209 Sandercok;
997 2154 1209 2214 Johanne
1247 2153 1468 2200 Hamone
1493 2170 1504 2209 ;
1543 2153 1759 2200 Henrico
1797 2152 2036 2208 Hollane;

427 2229 472 2264 et
497 2218 607 2268 aliis,

427 2823 727 2894 [186-98l4²]
