2181 3155
452 268 546 299 200
929 250 1168 298 DOVER
1206 250 1576 298 CHARTERS

449 399 618 429 novam
651 384 1042 446 composicionem
1081 383 1199 428 inter
1233 398 1313 427 eos
1349 381 1699 446 contingentem
1737 380 1931 428 faciend’
1967 381 2058 428 im-

450 451 718 513 pediretur·
709 488 720 507 ‚
762 462 808 497 et
844 450 973 515 quod
1013 449 1167 496 nullus
1203 461 1430 495 mercator
1467 450 1738 513 peregrinus
1772 466 1921 514 equus
1959 449 2055 494 sive

448 518 614 564 animal
639 529 768 564 extra
791 519 992 581 aliquem
1018 528 1182 580 portus
1207 516 1253 562 in
1280 515 1519 562 Comitatu
1547 516 1716 562 Kancie
1742 533 1888 591 usque
1924 515 2057 562 Cales

448 585 592 631 exiret
619 596 771 648 preter
798 586 1048 632 Dovorra·
1039 621 1050 640 ,
1086 595 1131 630 et
1157 584 1192 629 si
1215 599 1454 646 possessor
1473 583 1666 648 alicujus
1691 584 1819 629 navis
1845 600 1930 646 pro
1954 599 2058 645 pas-

450 652 578 715 sagio
619 652 836 699 Dovorre
878 652 1089 698 ordinate
1131 667 1294 696 navem
1338 650 1479 706 illam,
1522 650 1594 696 vel
1636 651 1836 714 aliquam
1878 662 2056 713 partem

448 719 673 783 ejusdem,
700 719 833 765 alicui
859 719 931 764 alii
960 719 1004 764 in
1030 719 1121 764 alio
1145 718 1248 764 loco
1274 717 1494 763 habitanti
1515 734 1654 782 quarn
1675 718 1826 763 eidem
1848 717 2058 780 passagio

451 788 672 848 spectanti
723 797 768 832 et
807 786 1065 832 intendenti
1110 785 1329 831 venderet
1373 786 1467 831 sive
1509 785 1732 839 alienarit‚
1776 785 1904 849 quod
1947 796 2057 830 tunc

451 854 578 899 navis
604 853 679 899 illa
703 865 831 898 extra
856 853 1114 916 passagium
1139 852 1252 898 illud
1291 869 1376 914 pro
1412 864 1638 914 perpetuo
1674 851 1793 898 foret
1830 852 2023 914 expulca
2046 870 2054 898 ε

449 937 563 984 quas
587 920 778 984 quidem
804 920 1037 965 libertates
1060 931 1106 965 et
1132 918 1408 966 franchesias
1440 920 1495 966 ad
1530 936 1718 982 presens
1739 920 1875 965 variis
1895 919 2059 965 mediis

451 988 709 1049 interrupte
735 997 843 1032 sunt
868 998 914 1032 et
940 986 1186 1042 subtracte‚
1213 987 1258 1032 in
1283 986 1491 1051 ejusdem
1523 986 1631 1032 ville
1659 998 1815 1032 nostre
1842 987 2058 1032 Dovorre

449 1065 495 1100 et
521 1053 881 1100 inhabitancium
914 1053 1139 1118 ejusdem,
1167 1070 1218 1099 ac
1254 1054 1299 1098 in
1338 1054 1519 1116 speciali
1558 1054 1824 1100 Custodum
1863 1053 2056 1116 passagii

450 1121 639 1176 ibidem,
703 1120 1117 1168 deterioracionem
1175 1131 1219 1166 et
1281 1121 1645 1167 diminucionem
1706 1119 2054 1166 multiformes:

449 1189 605 1253 sicque
641 1188 748 1234 villa
783 1187 873 1245 illa,
911 1198 1004 1234 tarn
1041 1205 1096 1234 ex
1133 1187 1280 1233 causis
1305 1188 1539 1250 predictis,
1565 1205 1705 1252 quam
1737 1205 1822 1250 pro
1846 1205 1903 1234 eo
1926 1187 2056 1251 quod

449 1255 732 1302 inhabitores
780 1255 989 1320 ejusdem
1040 1272 1125 1318 pro
1174 1255 1336 1319 majori
1389 1266 1516 1317 parte
1564 1255 1619 1300 ab
1672 1256 1831 1301 eadem
1875 1255 2060 1317 penitus

449 1334 750 1379 recesserunt,
775 1339 824 1368 ac
854 1323 1077 1370 medietas
1111 1322 1320 1387 ejusdem
1356 1321 1465 1368 ville
1500 1322 1628 1396 quasi
1667 1339 1808 1368 vacua
1842 1334 1888 1368 et
1924 1322 2060 1368 deso-

448 1389 538 1436 lata
572 1390 772 1445 exstitit,
809 1390 1163 1453 mansionesque
1197 1389 1405 1453 ejusdem
1445 1390 1489 1434 in
1520 1389 1700 1434 ruinam
1739 1389 2058 1451 multipliciter

449 1457 755 1512 devenerunt,
788 1457 846 1503 de
881 1457 1120 1503 verisimili
1148 1455 1345 1502 finaliter
1369 1456 1684 1512 destruentur,
1711 1456 2058 1520 habitantesque

449 1524 497 1570 in
521 1525 681 1571 eadem
707 1541 806 1570 eam
834 1524 1082 1570 necessarie
1107 1523 1370 1587 relinquere
1395 1523 1648 1585 oportebit,
1680 1535 1730 1569 ut
1755 1524 1943 1581 dicitur,
1971 1523 2056 1569 nisi

449 1591 534 1637 sibi
577 1593 635 1638 de
677 1591 885 1637 remedio
927 1591 972 1636 in
1017 1592 1098 1636 hac
1140 1602 1267 1653 parte
1308 1605 1519 1655 congruo
1557 1591 1699 1636 cicius
1724 1591 2054 1653 provideatur:

451 1659 573 1705 unde
599 1658 733 1704 nobis
759 1658 1076 1721 supplicarunt
1103 1657 1261 1722 Major
1285 1669 1330 1703 et
1358 1657 1685 1704 Communitas
1718 1658 1969 1720 supradicti
2007 1669 2058 1703 ut

451 1726 683 1790 quandem
726 1736 1045 1788 paupertatem
1086 1736 1132 1771 et
1175 1725 1378 1787 inopiam
1421 1724 1543 1771 dicte
1590 1724 1697 1770 ville
1751 1727 1968 1771 Dovorre
2009 1741 2058 1771 ac

450 1792 763 1839 habitancium
788 1792 996 1857 ejusdem
1023 1792 1312 1838 considerare
1345 1792 1558 1848 velimuS,
1595 1808 1644 1838 ac
1681 1809 1767 1855 pro
1803 1793 2059 1839 salvacione

451 1860 729 1906 relevamine
785 1860 1043 1906 eorundem
1097 1859 1425 1922 benignissime
1478 1859 1724 1921 providere
1776 1872 1820 1906 et
1871 1858 2060 1922 prefatis

454 1927 627 1992 Majori
663 1938 709 1973 et
746 1926 1084 1974 Communitati
1121 1927 1248 1990 quod
1285 1926 1371 1988 ipsi
1408 1937 1454 1972 et
1490 1942 1774 1972 successores
1810 1928 1878 1973 sui
1921 1926 2060 1972 liber-

452 1995 624 2041 tatibus
658 2005 704 2040 et
744 1992 1012 2040 franchesiis
1048 1994 1266 2056 predictis
1301 1993 1472 2057 absque
1508 1993 1879 2040 contradiccione
1916 1994 2060 2040 inter-

454 2062 674 2124 rupcione
730 2061 825 2108 sive
882 2060 1219 2123 impedimento
1273 2076 1574 2124 quocumque
1630 2062 1695 2107 uti
1752 2073 1796 2107 et
1838 2061 2057 2124 gaudere,

454 2129 633 2192 ipsique
679 2129 800 2174 inter
846 2139 891 2174 et
939 2144 1077 2190 super
1124 2128 1299 2190 seipsos
1349 2128 1462 2173 tales
1509 2128 1831 2174 ordinaciones
1879 2127 2060 2190 penales

453 2195 610 2260 quales
648 2195 731 2241 sibi
772 2211 858 2257 pro
895 2194 1049 2241 debita
1087 2195 1440 2240 conservacione
1477 2207 1521 2240 et
1561 2195 1770 2241 custodia
1807 2195 2057 2241 earundem

453 2262 719 2308 libertatum
749 2273 793 2308 et
827 2260 1188 2307 franchesiarum
1229 2261 1512 2324 [videbi]tur
1553 2262 1801 2308 necessarie
1836 2274 1881 2308 et
1918 2279 2060 2325 opur-

454 2342 580 2386 tune,
634 2346 683 2375 ac
736 2345 822 2391 pro
874 2328 1050 2375 factura
1101 2340 1146 2374 et
1199 2329 1523 2374 construcione
1578 2330 1780 2388 navium,
1835 2347 1926 2393 que
1974 2345 2060 2392 pro

455 2397 661 2460 passagio
686 2396 896 2459 predicto
919 2396 982 2441 sic
1007 2396 1126 2442 fiunt
1152 2407 1196 2441 et
1224 2395 1349 2451 fient,
1377 2407 1425 2441 ut
1454 2412 1591 2442 naves
1616 2395 1689 2442 ille
1720 2395 1878 2443 fideles
1914 2395 2060 2442 fortes

453 2476 497 2510 et
525 2480 695 2519 secure,
721 2480 769 2509 ac
795 2463 852 2509 de
878 2463 996 2508 bona
1023 2463 1209 2508 materia
1239 2473 1332 2508 tam
1360 2463 1404 2508 in
1432 2463 1680 2509 maeremio
1703 2480 1751 2509 ac
1779 2463 1903 2509 bono
1921 2480 2060 2526 opere

454 2543 498 2577 et
525 2530 648 2577 fideli
675 2547 814 2594 quam
842 2530 887 2575 in
914 2546 1051 2592 opere
1077 2528 1227 2575 ferreo
1262 2541 1306 2575 et
1344 2529 1565 2576 omnibus
1600 2530 1698 2576 aliis
1733 2531 1869 2576 rebus
1906 2546 2061 2576 neces—

455 2598 579 2644 sariis
617 2614 702 2660 pro
737 2598 978 2643 securitate
1014 2608 1058 2642 et
1095 2596 1426 2642 fortificacione
1457 2597 1671 2660 navi[um
1703 2597 1914 2660 illorum]
1943 2596 2060 2643 facte

453 2677 497 2711 et
524 2664 738 2710 fabricate
763 2665 958 2710 existant
986 2665 1106 2709 licite
1146 2663 1291 2709 facere
1329 2665 1522 2710 valeant.
1596 2664 1713 2721 Nos,
1749 2665 1804 2711 ad
1843 2665 2059 2727 premissa

455 2732 873 2778 consideracionem
900 2731 1130 2786 habenteS‚
1157 2747 1206 2777 ac
1233 2748 1318 2793 pro
1342 2732 1697 2778 conservacione
1720 2743 1765 2778 et
1803 2732 2060 2778 salvacione

453 2799 576 2846 dicte
614 2798 720 2844 ville
756 2809 913 2845 nostre
951 2798 1196 2861 providere
1234 2798 1455 2853 volenteS,
1496 2810 1544 2844 ut
1576 2811 1803 2856 tenemur,
1829 2799 1886 2845 de
1909 2799 2059 2864 gracia
