2192 3342
442 229 502 275 74
920 213 1158 263 DovER
1196 213 1564 261 CHARTERS

439 349 632 412 predicti
679 349 920 410 Johannis.
991 349 1057 395 Et
1108 348 1262 394 dictus
1312 347 1473 412 Major
1515 347 1644 394 venit
1685 358 1731 394 et
1766 347 1881 394 dicit
1916 347 2047 411 quod

439 428 627 479 paratus
650 428 720 464 est
744 417 800 464 ad
827 415 1210 490 respondendum
1245 414 1374 461 dicto
1396 414 1599 474 Johanni
1625 414 2047 479 qualitercumque,

436 495 522 530 etc.
593 484 659 531 Et
694 484 804 549 quia
827 483 987 530 asserit
1021 481 1196 528 factum
1230 498 1326 528 esse
1359 480 1481 528 infra
1504 481 1766 528 libertatem
1791 481 1913 528 dicte
1939 480 2047 527 ville

773 551 830 598 de
866 549 1106 597 Sandwico
1141 565 1222 612 per
1260 548 1494 613 Majorem
1518 548 1746 613 ejusdem,
1772 549 1887 596 Ideo
1911 548 2048 595 datus

770 629 839 664 est
876 617 972 664 dies
1008 616 1219 679 partibus
1260 617 1391 681 quod
1418 616 1511 663 sint
1535 632 1691 662 coram
1718 616 1948 671 Custode,
1974 615 2046 661 vel

769 685 872 750 ejus
924 684 1231 742 locotenente‚
1284 683 1341 730 ad
1390 682 1628 730 ecclesiam
1680 683 1831 729 Sancti
1883 682 2045 743 Jacobi

436 752 494 799 de
533 754 750 799 Dovorra
787 751 861 798 die
897 751 1032 811 Jovis
1070 750 1287 814 proximo
1324 761 1429 797 ante
1468 749 1644 797 festum
1676 750 1826 797 Sancti
1852 749 2045 814 Georgii

438 820 671 866 Marturis
696 818 968 883 proximum
997 816 1233 874 futurum,
1259 828 1344 865 etc.
1419 817 1670 881 Recepturi
1700 817 1831 882 quod
1857 817 2047 882 Justicia

438 904 520 933 sua
542 886 712 934 debita.

538 1053 798 1101 Nicholaus
829 1053 1089 1116 Espeloun,
1121 1053 1280 1118 Major
1315 1052 1421 1099 ville
1454 1054 1510 1100 de
1549 1053 1803 1110 Sandwico‚
1830 1052 2046 1118 queritur

437 1122 493 1169 de
537 1121 751 1168 Henrico
786 1121 1023 1168 Wardiew
1058 1121 1115 1167 de
1153 1121 1322 1184 placito
1364 1121 1759 1185 transgressionis,
1802 1120 2048 1184 imponens

435 1189 616 1236 dictum
677 1187 947 1236 Henricum
1006 1188 1179 1251 cepisse
1227 1188 1464 1253 quandam
1520 1188 1868 1235 districcionem
1926 1186 2048 1234 infra

769 1255 1030 1302 libertatem
1071 1266 1237 1319 portus
1274 1255 1332 1302 de
1369 1255 1610 1302 Sandwico
1648 1273 1734 1319 pro
1773 1254 1963 1302 redditu
2000 1265 2047 1302 et

769 1323 975 1370 serviciis
1000 1323 1046 1368 in
1071 1321 1305 1369 forinceco
1328 1323 1480 1370 eidem
1519 1322 1734 1369 Henrico
1770 1322 2047 1386 pertinenti-

771 1390 871 1449 bus,
899 1401 1060 1437 contra
1084 1401 1230 1437 cartas
1252 1389 1522 1436 libertatum
1548 1390 1775 1454 Quinque
1807 1390 2043 1436 Portuum

436 1458 493 1505 ad
518 1459 774 1522 dampnum
802 1474 863 1504 xx
904 1457 1164 1514 librarum;
1201 1474 1251 1503 ac
1288 1457 1433 1503 eciam
1472 1456 1519 1503 in
1559 1467 1885 1520 contemptum
1924 1456 2046 1503 Cus-

434 1525 560 1572 todis
609 1524 838 1589 Quinque
888 1525 1125 1571 Portuum
1167 1524 1290 1571 unde
1336 1525 1488 1572 eidem
1530 1523 1731 1571 Custodi
1773 1541 1854 1587 per
1901 1535 2046 1571 cartas

433 1591 705 1639 libertatum
740 1609 931 1639 suarum
957 1592 1179 1638 hactenus
1205 1591 1398 1638 usitatas
1422 1609 1451 1637 x
1474 1590 1615 1638 libras
1641 1590 1819 1638 solvere
1844 1602 2042 1639 tenetur.

435 1660 500 1706 Et
541 1659 780 1724 predictus
822 1659 1066 1706 Henricus
1107 1676 1294 1722 presens
1337 1659 1382 1705 in
1427 1658 1572 1705 Curia
1603 1658 1881 1705 attachiatus
1907 1675 2046 1722 super

435 1727 672 1790 premissis
707 1726 986 1774 inconsultis
1022 1727 1139 1790 petit
1173 1726 1258 1773 sibi
1296 1726 1420 1773 diem
1456 1726 1554 1773 dari
1590 1737 1636 1773 et
1674 1727 1832 1772 locum
1857 1726 1913 1773 ad
1940 1743 2046 1789 pre-

433 1794 557 1842 dicta
581 1810 891 1857 responsura:
932 1794 1046 1841 Ideo
1082 1794 1220 1840 datus
1256 1804 1324 1840 est
1349 1793 1448 1840 dies
1473 1792 1685 1857 partibus
1716 1793 1773 1840 ad
1806 1793 2043 1840 ecclesiam

433 1861 585 1908 Sancti
625 1861 786 1922 Jacobi
828 1862 888 1908 de
928 1862 1146 1908 Dovorra
1188 1861 1261 1908 die
1301 1860 1436 1921 Jovis
1478 1860 1694 1924 proximo
1736 1872 1840 1907 ante
1866 1859 2042 1907 festum

434 1928 586 1975 Sancti
628 1928 821 1993 Georgii
868 1928 1081 1975 Martiris
1122 1928 1392 1991 proximum
1434 1926 1668 1986 futurum,
1722 1928 1779 1974 ad
1821 1927 2044 1992 premissa

433 2012 723 2060 responsura.

535 2063 599 2110 Et
625 2073 735 2110 sunt
761 2073 1114 2126 manucaptores
1140 2061 1339 2109 Henrici
1366 2061 1610 2119 Wardieu,

1337 2129 1583 2193 Johannus
1613 2129 1760 2183 Pirot‚

1337 2198 1599 2262 Stephanus
1617 2198 1675 2245 de
1700 2195 1972 2244 Orlavston.

533 2366 794 2429 Stephanus
822 2364 880 2412 de
904 2365 1190 2411 Orlavstone
1215 2364 1322 2410 alias
1341 2364 1557 2429 queritur
1577 2364 1634 2411 de
1651 2364 1863 2424 Johanne
1889 2365 2042 2412 Love-

434 2432 549 2491 rike,
573 2450 720 2496 nuper
742 2432 927 2496 Majore
948 2432 1055 2478 ville
1075 2432 1132 2478 de
1151 2431 1403 2489 Sandwico,
1424 2449 1472 2478 ac
1492 2449 1635 2478 eciam
1655 2432 1712 2478 de
1727 2432 1904 2492 Juratis
1919 2432 2041 2497 ejus-

432 2500 539 2547 dem
566 2500 673 2546 ville
708 2500 765 2546 de
802 2499 972 2562 placito
1004 2498 1105 2546 falsi
1132 2499 1298 2564 judicii
1320 2499 1562 2564 cujusdam
1588 2499 1772 2563 loquele
1798 2500 2042 2562 pendentis

768 2567 901 2624 inter,
921 2578 1003 2615 etc.
1079 2567 1142 2613 Et
1178 2566 1357 2612 invenit
1395 2566 1572 2630 plegios
1608 2567 1666 2612 (16
1696 2567 2040 2631 prosequendo,

766 2634 1049 2696 Stephanum
1092 2635 1150 2680 de
1186 2634 1510 2689 Orlavestone,
1558 2634 1806 2680 Ricardum
1850 2634 2037 2697 Aleyn:

767 2701 831 2748 Et
870 2701 995 2748 unde
1034 2701 1303 2748 mandatum
1344 2700 1434 2747 fuit
1478 2700 1649 2764 Majori
1688 2713 1734 2748 et
1772 2701 1951 2747 Ballivo
1984 2701 2040 2747 de

431 2768 672 2816 Sandwico
710 2769 839 2833 quod
880 2768 1127 2815 recordum
1166 2780 1212 2816 et
1251 2784 1517 2832 processum
1553 2768 1675 2815 dicte
1713 2769 1896 2832 loquele
1930 2785 2038 2815 cum
