2181 3155
346 187 441 246 246
833 185 1070 233 DOVER
1106 184 1480 233 CHARTERS

984 452 1030 503 L
1047 451 1104 502 X
1123 451 1180 502 X
1200 451 1222 502 1
1243 450 1315 502 X.

880 569 928 609 ix
958 566 1086 618 Julii,
1120 577 1166 608 11
1201 566 1332 609 Edw.
1367 566 1445 609 IV.

347 671 649 719 EowARous
691 671 764 719 dei
805 671 956 736 gracia
995 672 1093 717 Rex
1129 671 1299 734 Anglie
1334 681 1380 717 et
1414 670 1602 717 ffrancie
1642 682 1688 717 et
1726 670 1960 718 Dominus

352 739 600 796 Hibernie,
638 738 857 786 omnibus
881 739 937 786 ad
974 752 1093 803 quos
1129 750 1364 802 presentes
1400 737 1554 784 littere
1595 738 1960 802 pervenerint——

350 806 565 856 Salutem.
638 806 798 852 Sciatis
849 806 977 869 quod
1021 822 1126 852 cum
1184 804 1420 852 libertates
1459 817 1505 852 et
1553 804 1805 852 franchesie
1851 804 1960 852 ville

351 885 507 920 nostre
533 874 764 930 Dovorre,
789 884 834 919 et
861 871 1182 919 membrorum
1219 872 1442 937 ejusdem,
1469 873 1513 918 in
1541 871 1754 919 manibus
1790 871 1960 918 nostris

351 957 438 1004 pro
473 940 826 987 rationabilibus
849 950 894 986 et
930 939 1177 1004 legittimis
1201 941 1348 986 causis
1384 939 1536 986 seisite
1571 940 1785 986 existant.
1858 939 1961 985 Nos

351 1024 437 1071 pro
483 1008 605 1065 inde,
658 1024 743 1071 pro
790 1024 896 1054 sana
942 1018 988 1053 et
1035 1007 1307 1054 condecenti
1355 1006 1697 1070 gubernacione
1743 1018 1789 1053 et
1837 1004 1958 1053 felici

351 1075 576 1139 regimine
612 1074 721 1121 ville
744 1085 790 1120 et
827 1074 1145 1121 membrorum
1182 1074 1502 1138 predictorum
1535 1087 1580 1120 et
1617 1074 1777 1137 populi
1815 1073 1960 1120 nostri

349 1143 620 1198 eorundem,
671 1158 721 1188 ac
768 1158 854 1204 pro
900 1141 1144 1188 securitate
1195 1153 1453 1188 ceterorum
1503 1142 1558 1188 ad
1606 1141 1765 1188 eadem
1815 1141 1961 1187 indies

350 1209 704 1266 confluencium,
757 1225 935 1256 necnon
993 1209 1092 1255 aliis
1150 1208 1431 1254 notabilibus
1478 1209 1536 1255 de
1582 1208 1730 1255 causis
1786 1225 1869 1255 nos
1915 1219 1961 1254 et

350 1277 596 1323 consilium
651 1286 864 1323 nostrum
923 1276 1180 1339 specialiter
1227 1275 1539 1331 moventibuS,
1585 1287 1725 1338 prout
1772 1275 1828 1322 ad
1878 1292 1962 1321 nos

351 1345 518 1391 attinet
554 1344 710 1391 debite
748 1343 1010 1406 providere,
1037 1343 1257 1399 volenteS,
1289 1359 1338 1388 ac
1374 1359 1558 1389 assensu
1593 1354 1641 1389 et
1676 1342 1962 1389 avisamento

351 1411 558 1476 ejusdem
600 1411 780 1457 consilii
829 1411 991 1467 nostri,
1039 1410 1365 1457 constituimus
1410 1409 1633 1456 dilectum
1681 1421 1727 1456 et
1777 1409 1959 1457 fidelem

352 1490 562 1525 nostrum
588 1479 825 1524 Thomam
848 1477 1108 1535 Hexstalle,
1133 1477 1191 1524 de
1217 1477 1286 1542 cuj
1297 1494 1347 1523 us
1372 1476 1593 1524 fidelitate
1609 1489 1654 1523 et
1678 1476 1961 1523 discrecione

353 1547 535 1610 plenam
602 1545 817 1592 fiduciam
868 1555 1176 1608 reportamus,
1235 1544 1476 1591 custodem
1544 1544 1649 1590 ville
1709 1555 1865 1590 nostre
1916 1555 1962 1590 et

354 1613 669 1659 membrorum
708 1612 1026 1676 predictorum
1064 1612 1289 1676 quamdiu
1325 1629 1408 1659 nos
1443 1612 1633 1674 placuit,
1664 1611 1886 1674 [Dantes]
1914 1622 1960 1657 et

354 1681 660 1728 concedentes
700 1680 756 1737 ei,
798 1691 959 1726 tenore
1002 1679 1306 1743 presencium,
1347 1679 1530 1742 plenam
1568 1690 1614 1725 et
1655 1679 1958 1725 sufficientem

353 1749 678 1795 auctoritatem
726 1757 771 1793 et
820 1757 1098 1810 potestatem
1145 1747 1306 1793 eadem
1348 1747 1508 1793 villam
1551 1758 1596 1792 et
1646 1746 1867 1803 membra,
1915 1757 1960 1792 et

355 1815 581 1879 populum
608 1825 822 1862 nostrum
852 1814 1126 1869 eorundem,
1152 1831 1202 1860 ac
1227 1813 1340 1860 alios
1375 1814 1429 1860 ad
1457 1813 1615 1860 eadem
1654 1812 1958 1868 confluentes,

355 1883 543 1946 regend'
591 1893 636 1928 et
683 1881 971 1946 gubernand'
1010 1898 1060 1927 ac
1107 1882 1263 1927 omnia
1309 1880 1393 1927 alia
1450 1892 1495 1926 et
1542 1880 1723 1944 singula
1768 1897 1858 1944 que
1904 1879 1960 1926 ad

355 1950 531 1996 bonum
569 1949 775 2013 regimen
801 1961 845 1995 et
881 1965 1036 1994 sanam
1065 1949 1455 2012 gubernacionem
1490 1948 1745 1994 eorundem
1784 1947 1891 1993 ville
1915 1959 1960 1993 et

354 2016 676 2063 membrorum
725 2016 972 2078 pertinent,
1028 2015 1165 2079 juxta
1223 2017 1346 2078 leges
1403 2026 1448 2061 et
1507 2014 1866 2062 consuetudines
1913 2014 1960 2060 in

353 2085 528 2131 eisdem
588 2083 694 2130 villa
746 2094 791 2128 et
841 2082 1058 2128 membris
1098 2082 1224 2147 juste
1269 2094 1315 2128 et
1363 2082 1697 2128 rationabiliter
1744 2082 1962 2127 hactenus

356 2152 546 2198 usitatas
587 2149 784 2196 faciend'
827 2150 1096 2196 excercend'
1144 2161 1189 2195 et
1224 2150 1498 2213 exequend',
1544 2165 1721 2195 necnon
1766 2147 1960 2194 habend’

355 2219 504 2265 clavas
543 2229 589 2264 et
633 2217 869 2263 ministros
909 2227 1048 2279 prout
1092 2217 1285 2281 majores
1327 2217 1433 2262 ville
1482 2216 1685 2279 predicte
1727 2216 1960 2272 hactenus,

358 2286 531 2332 virtute
588 2284 847 2348 aliquarum
918 2283 1185 2329 libertatum
1245 2300 1324 2347 per
1384 2300 1466 2328 nos
1534 2295 1579 2330 et
1641 2283 1963 2346 progenitores

356 2364 541 2399 nostros
576 2351 684 2398 inde
719 2367 1061 2406 concessorum,
1088 2350 1361 2405 habuerunt,
1388 2367 1633 2414 quousque
1671 2367 1757 2413 pro
1791 2350 1963 2414 guber-

358 2421 546 2466 nacione
602 2418 858 2465 eorundem
919 2417 1026 2464 ville
1083 2429 1129 2464 et
1189 2417 1506 2463 membrorum
1566 2418 1696 2463 aliter
1742 2417 1963 2464 duximus

357 2486 634 2535 ordinand’:
689 2486 868 2531 Damus
913 2485 1051 2530 etiam
1113 2485 1335 2531 ministris
1394 2485 1499 2530 ville
1546 2497 1590 2531 et
1645 2484 1961 2530 membrorum

359 2554 690 2618 predictorum,
736 2569 913 2598 necnon
956 2552 1179 2598 universis
1207 2563 1252 2598 et
1286 2551 1481 2615 singulis
1523 2551 1736 2598 fidelibus
1771 2563 1815 2597 et
1854 2550 1963 2597 sub-

357 2622 469 2668 ditis
511 2620 678 2666 nostris
724 2620 982 2666 eorundem
1031 2618 1138 2665 ville
1184 2631 1229 2664 et
1279 2618 1612 2674 membrorum,
1652 2630 1810 2664 tenore
1859 2635 1961 2681 pre-

356 2689 562 2734 sencium
600 2687 796 2733 firmiter
832 2687 877 2732 in
916 2686 1144 2732 mandatis
1174 2686 1301 2749 quod
1339 2686 1488 2733 eidem
1516 2686 1717 2740 Thome,
1743 2698 1961 2748 tanquam

357 2755 535 2802 custodi
574 2755 808 2802 dictorum
848 2753 955 2800 ville
995 2765 1040 2799 et
1080 2754 1409 2808 membrorum,
1439 2753 1484 2798 in
1528 2753 1745 2799 omnibus
1780 2769 1870 2816 que
1906 2750 1959 2798 ad
