2181 3155
390 214 483 274 326
867 210 1104 259 DovER
1143 209 1513 258 CHARTERS

1099 412 1156 462 X
1174 411 1219 463 C
1234 410 1301 461 V.

802 543 872 571 xx
905 527 1212 580 Septembris,
1242 534 1269 579 5
1300 526 1422 569 Hen.
1453 525 1587 568 VIII.

391 636 509 683 an
550 636 799 683 indentura
836 644 1033 681 testatur
1071 633 1199 697 quod
1240 632 1499 679 Nicholaus
1534 630 1681 694 Aldy,
1709 630 1869 695 Major
1893 628 2000 676 ville

389 721 438 750 ac
466 704 638 750 Portus
665 704 896 758 Dovorre,
923 713 968 748 et
993 701 1142 762 Jurati
1168 701 1376 765 ejusdem
1404 698 1523 754 ville,
1566 715 1648 762 per
1683 714 1918 744 assensum
1953 709 1999 743 et

391 787 668 818 concensum
696 770 848 816 tocius
874 768 1248 817 Communitatis
1277 777 1616 822 concesserunt,
1641 765 1934 821 dimiserunt,
1951 781 2000 811 ac

392 838 686 885 tradiderunt
716 837 922 883 Roberto
947 835 1102 891 ffluce,
1127 836 1184 882 de
1215 836 1447 891 Dovorra,
1486 849 1625 880 unam
1662 844 1832 878 terram
1868 831 2002 878 edifi-

393 917 540 952 catam
575 904 808 969 jacentem
852 902 972 949 infra
1013 903 1274 953 libertatem
1319 901 1491 947 Portus
1534 901 1750 947 Dovorre
1782 899 1828 945 in
1866 899 2003 945 Snar-

391 972 669 1036 gatewarde,
696 970 926 1026 videlicet,
952 971 1007 1017 ad
1035 970 1268 1035 quendam
1295 980 1479 1032 portam
1520 978 1729 1014 vocatam
1766 967 2000 1030 Snargate,

392 1051 437 1086 et
465 1039 659 1103 Regiam
695 1049 887 1085 stratam
922 1038 1109 1093 ibidem,
1148 1049 1193 1084 et
1230 1048 1399 1083 terram
1437 1034 1653 1082 Nicholai
1691 1034 2001 1098 Templeman

395 1123 553 1152 versus
578 1106 814 1152 northeast
839 1116 886 1151 et
912 1116 1023 1152 west
1047 1122 1059 1161 ;
1101 1116 1145 1150 et
1171 1116 1342 1151 terram
1364 1119 1512 1165 nuper
1530 1102 1755 1163 Johannis
1775 1101 2003 1166 Claryng-

397 1174 507 1220 bold
536 1190 694 1220 versus
718 1173 974 1219 southwest
998 1191 1006 1218 ε
1048 1171 1244 1218 habend‘
1271 1183 1315 1217 et
1347 1170 1533 1216 tenend'
1571 1169 1827 1233 predictam
1864 1185 2002 1215 unam

394 1252 566 1288 terram
603 1239 783 1304 prefato
818 1239 1028 1286 Roberto
1064 1239 1211 1295 ffluce,
1247 1238 1493 1285 heredibus
1533 1249 1579 1284 et
1625 1237 1867 1301 assignatis
1907 1235 2003 1282 suis

396 1309 777 1372 imperpetuum:
817 1306 1030 1354 ffaciend’
1070 1307 1177 1353 inde
1214 1305 1460 1352 servicium
1499 1304 1681 1351 domini
1724 1303 1864 1367 Regis
1896 1320 2002 1350 cum

397 1375 614 1422 acciderit
638 1374 895 1421 secundum
922 1373 1311 1420 consuetudinem
1352 1383 1515 1436 portus
1541 1371 1735 1436 predicti
1761 1390 1768 1417 :
1808 1370 2003 1417 aceciam

396 1443 620 1490 reddend’
648 1441 836 1505 prefatis
863 1441 1055 1506 Majori,
1080 1440 1270 1501 Juratis,
1301 1451 1347 1486 et
1385 1438 1744 1497 Communitati,
1769 1451 1814 1486 et
1840 1454 2002 1484 eorum

394 1510 736 1557 successoribus
761 1509 1107 1572 imperpetuum
1133 1507 1380 1554 annualem
1413 1507 1650 1553 redditum
1679 1522 1756 1552 sex
1792 1505 2003 1552 denarios

397 1577 557 1642 legalis
581 1587 769 1623 monete
793 1576 981 1641 Anglie,
1007 1575 1063 1622 ad
1090 1574 1262 1622 festum
1287 1574 1563 1621 Nativitatis
1594 1573 1745 1620 Sancti
1780 1572 2005 1634 Johannis

399 1645 604 1707 Baptiste
628 1643 871 1690 solvend':
911 1654 955 1690 et
980 1643 1016 1689 si
1047 1643 1289 1706 contingat
1319 1641 1583 1705 predictum
1620 1640 1862 1687 annualem
1900 1639 2005 1686 red-

397 1712 552 1758 ditum
588 1728 666 1758 sex
701 1711 1019 1768 denariorum,
1058 1709 1129 1756 vel
1165 1710 1318 1773 aliqua
1353 1708 1547 1772 parcella
1582 1708 1704 1765 inde,
1734 1708 1790 1755 ad
1815 1706 2003 1771 aliquod

400 1778 572 1825 festum
609 1795 704 1842 quo
739 1777 856 1825 solvi
893 1777 1057 1824 debeat
1091 1788 1244 1824 aretro
1281 1775 1397 1833 fore,
1434 1787 1548 1823 tunc
1574 1775 1689 1822 bene
1718 1775 1874 1822 licebit
1900 1791 2003 1838 pre·-

398 1845 506 1892 fatis
532 1845 722 1910 Majori,
746 1845 938 1906 Juratis,
963 1856 1009 1892 et
1035 1843 1381 1891 Communitati
1407 1843 1614 1906 predicte
1641 1842 1748 1889 ville
1771 1854 1817 1889 et
1841 1857 2003 1888 eorum

399 1912 735 1960 successoribus
774 1913 819 1958 in
860 1912 1115 1975 predictam
1154 1928 1294 1958 unam
1333 1922 1503 1957 terram
1542 1910 1715 1957 intrare
1744 1922 1789 1957 et
1815 1909 2005 1957 distrin-

399 1997 524 2044 gere,
549 1991 595 2026 et
633 1979 953 2027 districciones
987 1979 1051 2026 sic
1087 1990 1240 2042 captas
1274 1978 1501 2025 abducere
1536 1989 1582 2024 et
1619 1989 1853 2041 asportare
1888 1992 2005 2041 quo-

401 2064 547 2111 usque
572 2047 629 2093 de
653 2063 708 2093 eo
733 2047 860 2110 quod
886 2057 1040 2093 aretro
1065 2045 1210 2093 fuerit
1235 2046 1294 2092 sit
1318 2046 1382 2091 eis
1406 2044 1707 2092 satisfactum.

503 2115 554 2160 In
591 2114 722 2179 cujus
758 2114 821 2160 rei
859 2114 1183 2160 testimonium
1213 2112 1420 2177 sigillum
1446 2112 1585 2159 officii
1614 2112 1875 2177 Majoratus
1901 2109 2003 2157 ville

402 2182 620 2228 Dovorre
645 2180 939 2244 presentibus
962 2192 1030 2227 est
1063 2196 1335 2244 appensum.

500 2250 621 2294 Data
645 2251 769 2312 apud
798 2249 1061 2294 Dovorram
1089 2248 1343 2310 predictam
1371 2246 1589 2293 vicesimo
1614 2247 1688 2293 die
1726 2243 2004 2309 Septembris

399 2333 522 2361 anno
547 2316 677 2379 regni
708 2315 846 2378 Regis
873 2315 1071 2362 Henrici
1107 2315 1256 2361 octavi
1287 2315 1471 2378 quinto.

404 2582 515 2645 [45]
