2181 3155
301 183 397 241 426
782 183 1019 230 DOVER
1056 182 1427 230 CHARTERS

300 326 346 362 et
373 315 643 373 Katherina,
668 332 786 362 uxor
818 315 930 380 ejus,
968 315 1075 362 huic
1111 315 1313 379 presenti
1349 314 1526 379 scripto
1562 325 1724 362 nostro
1757 314 1910 379 sigilla

302 393 459 430 nostra
482 382 798 446 apposuimus.

403 450 525 496 Data
559 449 686 512 apud
721 449 891 495 Dovor
925 447 1019 494 xvi.
1056 447 1132 494 die
1163 447 1345 511 Aprilis
1381 465 1503 494 anno
1538 447 1668 511 regni
1702 447 1908 494 Domine

303 526 460 562 nostre
498 515 755 573 Elizabete,
793 514 868 562 dei
905 515 1060 579 gracia
1096 515 1287 590 Anglie,
1329 515 1532 570 ffrancie,
1580 527 1626 561 et
1675 514 1908 561 Hibernie

305 582 496 647 Regine,
523 582 631 631 fidei
657 581 932 639 defensoris,
958 592 1063 639 etc.‚
1088 581 1273 646 quinto.
1344 583 1490 629 Anno
1521 585 1660 644 1563.

403 700 458 746 In
482 700 633 747 dorso:
669 699 881 745 Presentes
913 699 957 744 in
993 708 1180 760 tempore
1216 698 1486 762 sigillationis
1521 710 1562 744 et
1593 697 1911 745 deliberationis

295 768 554 828 presentium
575 784 588 812 .·
628 765 738 812 John
766 765 985 812 Hawkins
1011 765 1079 827 (?)
1104 780 1116 820 3
1158 766 1268 812 John
1295 765 1480 824 Dawes,
1503 765 1647 813 ‘Toune
1672 765 1879 828 Sergeant
1894 784 1911 820 ;

309 834 508 880 William
538 833 722 896 Knyght,
750 831 897 880 Toune
931 831 1107 881 Clarke.

309 931 453 995 [155]

856 1046 935 1100 xvj
965 1047 1155 1101 Aprilis,
1184 1054 1211 1100 5
1242 1047 1360 1092 Eliz.

1087 1154 1131 1199 ii.

304 1254 495 1301 Scmwr
516 1263 751 1317 presentes
773 1263 821 1300 et
845 1250 992 1300 futuri
1032 1251 1161 1316 quod
1199 1268 1296 1311 nos,
1338 1250 1573 1298 Robertus
1609 1250 1819 1314 Hedley,
1856 1251 1914 1299 de

306 1320 414 1369 villa
450 1332 497 1368 et
534 1330 679 1384 portu
718 1320 900 1377 Dovor,
939 1319 986 1365 in
1025 1319 1253 1366 comitatu
1291 1318 1482 1375 Kancie‚
1520 1318 1812 1383 shipwright,
1867 1330 1914 1366 et

306 1387 579 1447 Katherina,
622 1403 740 1434 uxor
781 1386 894 1452 ejus,
937 1385 1031 1432 filia
1064 1396 1111 1432 et
1148 1386 1282 1432 heres
1317 1385 1550 1434 Willelmi
1586 1386 1913 1449 Spurnestone,

308 1471 456 1518 nuper
480 1455 538 1502 de
563 1455 729 1501 Dovor
753 1453 977 1518 predicta,
1001 1452 1230 1511 defuncti,
1255 1469 1341 1516 pro
1366 1464 1492 1500 certa
1516 1453 1709 1516 pecunie
1732 1469 1915 1500 summa

309 1522 444 1569 nobis
467 1538 548 1586 per
571 1522 835 1583 Johannem
861 1521 1027 1577 LucaS,
1053 1520 1113 1567 de
1139 1519 1247 1566 villa
1270 1531 1317 1567 et
1346 1530 1488 1584 portu
1524 1520 1762 1583 predictis
1787 1520 1916 1584 ship-

307 1589 494 1654 wright‚
518 1589 633 1636 bene
657 1599 703 1636 et
728 1587 930 1635 fideliter
954 1604 1035 1652 pre
1059 1587 1272 1634 manibus
1303 1587 1471 1644 soluta,
1500 1603 1551 1634 ac
1585 1586 1685 1634 aliis
1719 1587 1917 1635 diversis

307 1655 761 1704 consideracionibus
807 1653 984 1702 *nobis
1028 1653 1287 1718 specialiter
1332 1653 1646 1711 moventibus,
1684 1654 1915 1712 dedimus,

308 1723 635 1780 concessimus,
681 1733 727 1769 et
774 1721 858 1768 hac
905 1721 1106 1786 presenti
1155 1732 1277 1768 carta
1324 1732 1481 1767 nostra
1537 1721 1917 1768 confirmavimus

308 1789 493 1854 prefato
531 1789 735 1850 Johanni
778 1789 945 1849 Lucas,
986 1787 1234 1835 heredibus
1274 1799 1320 1835 et
1351 1788 1592 1852 assignatis
1628 1789 1722 1835 suis
1745 1789 1917 1853 imper-

309 1868 522 1921 petuum,
563 1867 722 1904 totum
764 1855 884 1902 illud
926 1872 1104 1902 novum
1145 1855 1395 1919 gardinum
1442 1872 1547 1902 cum
1601 1855 1820 1902 omnibus
1871 1868 1917 1904 et

308 1924 506 1988 singulis
529 1923 623 1971 suis
659 1922 968 1986 pertinenciis,
1008 1922 1260 1969 scituatum
1289 1922 1521 1987 jacentem
1559 1933 1604 1969 et
1639 1923 1918 1970 existentem

310 1990 431 2038 infra
472 1990 732 2037 libertatem
775 1988 886 2036 ville
926 1999 973 2036 et
1015 2000 1180 2052 portus
1227 1989 1546 2052 predictorum
1604 1989 1651 2036 in
1710 1990 1919 2054 Georges

311 2058 503 2115 Warde,
528 2056 762 2114 videlicet,
798 2056 919 2102 inter
955 2072 1254 2102 communem
1292 2057 1414 2102 viam
1452 2073 1609 2102 versus
1646 2057 1918 2117 northwest,

310 2125 351 2171 le
377 2123 497 2171 cliffe
522 2140 680 2170 versus
704 2122 957 2179 southeast,
975 2133 1147 2170 terram
1173 2122 1365 2170 domine
1390 2135 1547 2169 nostre
1573 2123 1746 2188 regine,
1773 2141 1919 2187 nuper

312 2191 624 2256 pertinentem
677 2190 734 2236 ad
786 2189 984 2236 domum
1036 2189 1110 2236 dei
1164 2191 1326 2236 Dover
1369 2190 1590 2253 predicte,
1632 2203 1842 2238 vocatam
1879 2190 1919 2237 le

315 2258 504 2305 Maison
531 2258 668 2315 Dieu,
695 2257 838 2303 modo
862 2256 908 2302 in
934 2257 1241 2319 occupacione
1266 2257 1454 2303 Thorne
1475 2256 1739 2314 Cockerell,
1759 2274 1921 2305 versus

311 2325 566 2373 southwest
600 2334 647 2371 et
685 2324 954 2370 northeast:
994 2324 1121 2387 quod
1159 2323 1349 2386 quidem
1388 2324 1639 2387 gardinum
1682 2341 1787 2371 cum
1815 2341 1919 2388 per-

311 2391 526 2439 tinenciis
550 2391 759 2454 predicta
791 2389 1061 2449 Katherina,
1088 2407 1235 2453 nuper
1271 2390 1432 2437 habuit
1470 2402 1519 2437 ut
1560 2391 1688 2437 heres
1724 2391 1920 2454 predicti

314 2457 541 2505 Willelmi
578 2458 907 2521 Spurnestone,
946 2457 1088 2520 patris
1123 2457 1224 2503 sui:
1266 2456 1488 2504 Habend’
1523 2469 1570 2504 et
1603 2458 1789 2505 tenend'
1816 2475 1920 2522 pre-

312 2526 492 2573 dictum
527 2524 779 2589 gardinum
817 2541 922 2571 cum
960 2523 1256 2587 pertinenciis
1294 2523 1477 2586 prefato
1512 2525 1713 2585 Johanni
1755 2525 1918 2584 Lucas,

315 2592 562 2640 heredibus
613 2602 658 2639 et
706 2590 948 2655 assignatis
987 2591 1094 2646 suis,
1137 2591 1194 2637 ad
1237 2608 1372 2637 usum
1421 2591 1629 2656 ejusdem
1682 2592 1922 2652 Johannis,

315 2660 540 2706 heredum
581 2669 627 2705 et
668 2657 1011 2721 assignatorum
1053 2674 1245 2704 suorum
1289 2658 1668 2722 imperpetuum:
1726 2658 1922 2706 faciend'

316 2727 423 2774 inde
461 2726 709 2773 servicium
746 2725 938 2772 domine
975 2734 1131 2772 nostre
1170 2723 1328 2788 regine
1367 2736 1412 2772 et
1451 2725 1792 2772 successoribus
1827 2726 1922 2773 suis

2111 2506 2117 2536 i

2112 2542 2118 2578 i

2113 2581 2118 2630 i

2078 2844 2082 2853 “
2072 2765 2104 2803 :2
