2192 3342
417 221 480 281 46
899 218 1131 266 DOVER
1168 217 1534 266 CHARTERS

415 361 460 398 et
485 351 815 398 confirmamus
837 351 958 399 sicut
982 362 1106 398 carta
1129 351 1336 415 predicta
1367 349 1704 398 rationabiliter
1740 361 1950 410 testatur,
1974 362 2021 399 et

417 429 556 482 prout
582 419 723 466 iidem
749 418 966 483 magister
990 429 1037 465 et
1061 417 1226 465 fratres
1249 428 1296 464 et
1321 418 1664 480 predecoesores
1687 418 1756 465 sui
1792 417 2022 466 libertati-

417 486 504 532 bus
527 497 574 533 et
598 486 869 550 quietanciis
893 484 1114 548 predictis
1138 501 1225 549 pro
1248 501 1295 531 se
1322 495 1369 532 et
1394 484 1661 532 hominibus
1684 485 1779 532 suis
1802 485 2021 548 predictis

417 553 637 600 hactenus
660 552 994 599 rationabiliter
1019 552 1088 598 usi
1113 562 1224 599 sunt
1248 563 1293 599 et
1317 552 1483 616 gavisi.

518 619 632 666 Hiis
671 619 881 676 testibus,
922 618 1277 666 Venerabilibus
1318 618 1527 682 patribus
1565 618 1609 679 J.
1652 618 2022 682 Archiepiscopo

417 687 754 744 Cantuariensi,
812 685 962 733 tocius
1019 687 1195 750 Anglie
1260 686 1467 732 Primate
1489 702 1501 742 ;
1574 685 1626 734 R.
1700 685 2021 733 Dunolmense

415 754 633 818 episcopo
658 770 670 810 ;
727 754 778 801 R.
842 753 1130 800 Cicestrense
1180 753 1415 817 episcopo,
1475 751 1762 800 Cancellario
1820 764 1983 801 nostro
2006 769 2020 810 ;

415 821 628 882 Johanne
674 821 732 867 de
779 820 1030 877 Warenna,
1080 820 1267 868 Comite
1319 821 1457 868 Surre
1480 836 1491 877 ;
1550 819 1739 868 Thoma
1779 819 1837 867 de
1890 820 2021 867 Bello

417 888 597 951 Campo
649 887 851 934 Warrici
873 903 885 944 3
936 887 1183 934 Willelmo
1234 888 1291 935 de
1343 886 1577 953 Clyntone
1629 887 2021 952 Huntingdoni0‚

418 954 683 1002 Comitibus
707 970 720 1011 ;
763 954 978 1002 Henrico
1029 955 1089 1002 de
1142 953 1361 1002 fferrariis
1382 971 1395 1012 ;
1456 953 1665 1002 Roberto
1716 954 1774 1001 de
1828 954 2018 1012 Insula;

415 1022 628 1082 Johanne
653 1022 826 1085 Darcy,
851 1021 1101 1070 senescallo
1125 1022 1318 1086 hospicii
1344 1021 1491 1068 nostri
1515 1038 1526 1078 ;
1563 1032 1609 1068 et
1633 1021 1742 1070 aliis.

516 1090 639 1136 Data
696 1106 777 1152 per
835 1106 1026 1136 manum
1086 1100 1292 1136 nostram
1353 1089 1475 1152 apud
1529 1087 2020 1146 westmonasterium,

416 1156 639 1204 vicesimo
663 1156 866 1204 secundo
891 1156 966 1204 die
990 1156 1169 1221 Aprilis
1192 1173 1313 1204 anno
1338 1156 1468 1222 regni
1494 1156 1640 1203 nostri
1667 1155 1961 1203 duodecimo.

416 2845 490 2912 [4]
