<?xml version="1.0" encoding="UTF-8"?>
<!DOCTYPE html PUBLIC "-//W3C//DTD XHTML 1.0 Transitional//EN"
    "http://www.w3.org/TR/xhtml1/DTD/xhtml1-transitional.dtd">
<html xmlns="http://www.w3.org/1999/xhtml" xml:lang="en" lang="en">
 <head>
  <title>
</title>
<meta http-equiv="Content-Type" content="text/html;charset=utf-8" />
  <meta name='ocr-system' content='tesseract 3.04.00' />
  <meta name='ocr-capabilities' content='ocr_page ocr_carea ocr_par ocr_line ocrx_word'/>
</head>
<body>
  <div class='ocr_page' id='page_1' title='image "./doverchartersoth00doverich/doverchartersoth00doverich_0314.png"; bbox 0 0 2181 3155; ppageno 0'>
   <div class='ocr_carea' id='block_1_1' title="bbox 414 213 1536 261">
    <p class='ocr_par' dir='ltr' id='par_1_1' title="bbox 414 213 1536 261">
     <span class='ocr_line' id='line_1_1' title="bbox 414 213 1536 261; baseline 0.002 -3"><span class='ocrx_word' id='word_1_1' title='bbox 414 214 503 258; x_wconf 86' lang='lat'>282</span> <span class='ocrx_word' id='word_1_2' title='bbox 892 213 1131 260; x_wconf 87' lang='lat' dir='ltr'><strong>DOVER</strong></span> <span class='ocrx_word' id='word_1_3' title='bbox 1170 213 1536 261; x_wconf 81' lang='lat' dir='ltr'>CHARTERS</span> 
     </span>
    </p>
   </div>
   <div class='ocr_carea' id='block_1_2' title="bbox 839 414 1570 582">
    <p class='ocr_par' dir='ltr' id='par_1_2' title="bbox 839 414 1570 582">
     <span class='ocr_line' id='line_1_2' title="bbox 1097 414 1321 467; baseline 0.009 -3"><span class='ocrx_word' id='word_1_4' title='bbox 1097 414 1154 464; x_wconf 93' lang='lat' dir='ltr'><strong>X</strong></span> <span class='ocrx_word' id='word_1_5' title='bbox 1171 414 1215 465; x_wconf 87' lang='lat' dir='ltr'>C</span> <span class='ocrx_word' id='word_1_6' title='bbox 1236 415 1257 464; x_wconf 94' lang='lat'>1</span> <span class='ocrx_word' id='word_1_7' title='bbox 1280 415 1321 467; x_wconf 90' lang='lat'>1.</span> 
     </span>
     <span class='ocr_line' id='line_1_3' title="bbox 839 530 1570 582; baseline 0 -10"><span class='ocrx_word' id='word_1_8' title='bbox 839 531 934 582; x_wconf 86' lang='lat' dir='ltr'>xiiij</span> <span class='ocrx_word' id='word_1_9' title='bbox 968 530 1200 581; x_wconf 85' lang='lat' dir='ltr'>Octobris,</span> <span class='ocrx_word' id='word_1_10' title='bbox 1235 537 1283 582; x_wconf 94' lang='lat'>17</span> <span class='ocrx_word' id='word_1_11' title='bbox 1316 530 1437 572; x_wconf 81' lang='lat' dir='ltr'>Hen.</span> <span class='ocrx_word' id='word_1_12' title='bbox 1465 530 1570 572; x_wconf 87' lang='lat' dir='ltr'><strong>VII.</strong></span> 
     </span>
    </p>
   </div>
   <div class='ocr_carea' id='block_1_3' title="bbox 398 633 2019 2380">
    <p class='ocr_par' dir='ltr' id='par_1_3' title="bbox 399 633 2019 2110">
     <span class='ocr_line' id='line_1_4' title="bbox 408 633 2016 697; baseline 0.002 -19"><span class='ocrx_word' id='word_1_13' title='bbox 408 633 691 680; x_wconf 69' lang='lat' dir='ltr'>Novenm‘r</span> <span class='ocrx_word' id='word_1_14' title='bbox 728 634 929 680; x_wconf 89' lang='lat' dir='ltr'>universi</span> <span class='ocrx_word' id='word_1_15' title='bbox 957 651 1037 697; x_wconf 91' lang='lat' dir='ltr'>per</span> <span class='ocrx_word' id='word_1_16' title='bbox 1074 646 1308 697; x_wconf 86' lang='lat' dir='ltr'>presentes</span> <span class='ocrx_word' id='word_1_17' title='bbox 1346 651 1428 680; x_wconf 93' lang='lat' dir='ltr'>nos</span> <span class='ocrx_word' id='word_1_18' title='bbox 1466 634 1731 682; x_wconf 89' lang='lat' dir='ltr'>Henricum</span> <span class='ocrx_word' id='word_1_19' title='bbox 1769 636 1922 690; x_wconf 85' lang='lat' dir='ltr'>West,</span> <span class='ocrx_word' id='word_1_20' title='bbox 1958 635 2016 682; x_wconf 87' lang='lat' dir='ltr'>de</span> 
     </span>
     <span class='ocr_line' id='line_1_5' title="bbox 404 701 2016 767; baseline 0.002 -21"><span class='ocrx_word' id='word_1_21' title='bbox 404 701 618 762; x_wconf 91' lang='lat' dir='ltr'>parochia</span> <span class='ocrx_word' id='word_1_22' title='bbox 654 701 712 747; x_wconf 93' lang='lat' dir='ltr'>de</span> <span class='ocrx_word' id='word_1_23' title='bbox 758 701 1121 766; x_wconf 87' lang='lat' dir='ltr'>Westlangdon,</span> <span class='ocrx_word' id='word_1_24' title='bbox 1160 702 1206 747; x_wconf 90' lang='lat' dir='ltr'>in</span> <span class='ocrx_word' id='word_1_25' title='bbox 1244 702 1487 749; x_wconf 88' lang='lat' dir='ltr'>Comitatu</span> <span class='ocrx_word' id='word_1_26' title='bbox 1522 702 1711 758; x_wconf 87' lang='lat' dir='ltr'>Kancie,</span> <span class='ocrx_word' id='word_1_27' title='bbox 1758 703 2016 767; x_wconf 86' lang='lat' dir='ltr'>Agnetam,</span> 
     </span>
     <span class='ocr_line' id='line_1_6' title="bbox 406 768 2015 828; baseline 0.001 -14"><span class='ocrx_word' id='word_1_28' title='bbox 406 784 597 814; x_wconf 88' lang='lat' dir='ltr'>uxorem</span> <span class='ocrx_word' id='word_1_29' title='bbox 630 785 776 826; x_wconf 90' lang='lat' dir='ltr'>suam,</span> <span class='ocrx_word' id='word_1_30' title='bbox 798 769 1063 828; x_wconf 88' lang='lat' dir='ltr'>Johannem</span> <span class='ocrx_word' id='word_1_31' title='bbox 1097 770 1248 827; x_wconf 87' lang='lat' dir='ltr'>West,</span> <span class='ocrx_word' id='word_1_32' title='bbox 1272 781 1319 816; x_wconf 89' lang='lat' dir='ltr'>et</span> <span class='ocrx_word' id='word_1_33' title='bbox 1351 768 1605 816; x_wconf 81' lang='lat' dir='ltr'>Ricardum</span> <span class='ocrx_word' id='word_1_34' title='bbox 1637 770 1788 825; x_wconf 87' lang='lat' dir='ltr'>West,</span> <span class='ocrx_word' id='word_1_35' title='bbox 1817 769 1938 816; x_wconf 85' lang='lat' dir='ltr'>filios</span> <span class='ocrx_word' id='word_1_36' title='bbox 1968 781 2015 816; x_wconf 90' lang='lat' dir='ltr'>et</span> 
     </span>
     <span class='ocr_line' id='line_1_7' title="bbox 404 835 2016 899; baseline 0.001 -18"><span class='ocrx_word' id='word_1_37' title='bbox 404 835 593 882; x_wconf 90' lang='lat' dir='ltr'>heredes</span> <span class='ocrx_word' id='word_1_38' title='bbox 632 851 756 894; x_wconf 84' lang='lat' dir='ltr'>suOS,</span> <span class='ocrx_word' id='word_1_39' title='bbox 805 836 1032 883; x_wconf 87' lang='lat' dir='ltr'>remisisse</span> <span class='ocrx_word' id='word_1_40' title='bbox 1075 836 1297 883; x_wconf 84' lang='lat' dir='ltr'>relaxasse</span> <span class='ocrx_word' id='word_1_41' title='bbox 1338 848 1384 883; x_wconf 91' lang='lat' dir='ltr'>et</span> <span class='ocrx_word' id='word_1_42' title='bbox 1426 836 1624 883; x_wconf 89' lang='lat' dir='ltr'>omnino</span> <span class='ocrx_word' id='word_1_43' title='bbox 1672 854 1756 899; x_wconf 90' lang='lat' dir='ltr'>pro</span> <span class='ocrx_word' id='word_1_44' title='bbox 1798 837 1931 883; x_wconf 91' lang='lat' dir='ltr'>nobis</span> <span class='ocrx_word' id='word_1_45' title='bbox 1970 847 2016 883; x_wconf 92' lang='lat' dir='ltr'>et</span> 
     </span>
     <span class='ocr_line' id='line_1_8' title="bbox 405 901 2017 968; baseline 0.001 -20"><span class='ocrx_word' id='word_1_46' title='bbox 405 901 654 949; x_wconf 86' lang='lat' dir='ltr'>heredibus</span> <span class='ocrx_word' id='word_1_47' title='bbox 695 903 866 949; x_wconf 92' lang='lat' dir='ltr'>nostris</span> <span class='ocrx_word' id='word_1_48' title='bbox 913 903 1260 967; x_wconf 84' lang='lat' dir='ltr'>imperpetuum</span> <span class='ocrx_word' id='word_1_49' title='bbox 1303 904 1518 968; x_wconf 89' lang='lat' dir='ltr'>quietum</span> <span class='ocrx_word' id='word_1_50' title='bbox 1567 904 1782 951; x_wconf 90' lang='lat' dir='ltr'>clamasse</span> <span class='ocrx_word' id='word_1_51' title='bbox 1829 904 2017 951; x_wconf 90' lang='lat' dir='ltr'>Thome</span> 
     </span>
     <span class='ocr_line' id='line_1_9' title="bbox 407 970 2019 1036; baseline 0.002 -21"><span class='ocrx_word' id='word_1_52' title='bbox 407 970 636 1027; x_wconf 88' lang='lat' dir='ltr'>Barrowe‚</span> <span class='ocrx_word' id='word_1_53' title='bbox 661 970 719 1017; x_wconf 91' lang='lat' dir='ltr'>de</span> <span class='ocrx_word' id='word_1_54' title='bbox 755 972 990 1028; x_wconf 88' lang='lat' dir='ltr'>Dovorra,</span> <span class='ocrx_word' id='word_1_55' title='bbox 1017 970 1265 1017; x_wconf 87' lang='lat' dir='ltr'>heredibus</span> <span class='ocrx_word' id='word_1_56' title='bbox 1288 983 1333 1018; x_wconf 92' lang='lat' dir='ltr'>et</span> <span class='ocrx_word' id='word_1_57' title='bbox 1369 971 1611 1035; x_wconf 87' lang='lat' dir='ltr'>assignatis</span> <span class='ocrx_word' id='word_1_58' title='bbox 1634 970 1728 1017; x_wconf 88' lang='lat' dir='ltr'>suis</span> <span class='ocrx_word' id='word_1_59' title='bbox 1752 982 1909 1018; x_wconf 92' lang='lat' dir='ltr'>totum</span> <span class='ocrx_word' id='word_1_60' title='bbox 1938 971 2019 1036; x_wconf 90' lang='lat' dir='ltr'>jus</span> 
     </span>
     <span class='ocr_line' id='line_1_10' title="bbox 405 1037 2017 1102; baseline 0.001 -19"><span class='ocrx_word' id='word_1_61' title='bbox 405 1047 620 1084; x_wconf 92' lang='lat' dir='ltr'>nostrum</span> <span class='ocrx_word' id='word_1_62' title='bbox 644 1048 819 1084; x_wconf 90' lang='lat' dir='ltr'>statum</span> <span class='ocrx_word' id='word_1_63' title='bbox 841 1038 1032 1085; x_wconf 91' lang='lat' dir='ltr'>titulum</span> <span class='ocrx_word' id='word_1_64' title='bbox 1058 1038 1275 1085; x_wconf 89' lang='lat' dir='ltr'>interesse</span> <span class='ocrx_word' id='word_1_65' title='bbox 1300 1037 1525 1085; x_wconf 91' lang='lat' dir='ltr'>clameum</span> <span class='ocrx_word' id='word_1_66' title='bbox 1551 1050 1596 1085; x_wconf 92' lang='lat' dir='ltr'>et</span> <span class='ocrx_word' id='word_1_67' title='bbox 1616 1037 1900 1085; x_wconf 91' lang='lat' dir='ltr'>demandum</span> <span class='ocrx_word' id='word_1_68' title='bbox 1926 1055 2017 1102; x_wconf 90' lang='lat' dir='ltr'>que</span> 
     </span>
     <span class='ocr_line' id='line_1_11' title="bbox 402 1103 2017 1169; baseline 0.001 -19"><span class='ocrx_word' id='word_1_69' title='bbox 402 1103 649 1151; x_wconf 88' lang='lat' dir='ltr'>habuimus</span> <span class='ocrx_word' id='word_1_70' title='bbox 672 1104 894 1152; x_wconf 88' lang='lat' dir='ltr'>habemus</span> <span class='ocrx_word' id='word_1_71' title='bbox 917 1116 996 1153; x_wconf 89' lang='lat' dir='ltr'>aut</span> <span class='ocrx_word' id='word_1_72' title='bbox 1033 1105 1189 1169; x_wconf 89' lang='lat' dir='ltr'>aliquo</span> <span class='ocrx_word' id='word_1_73' title='bbox 1213 1106 1357 1153; x_wconf 92' lang='lat' dir='ltr'>modo</span> <span class='ocrx_word' id='word_1_74' title='bbox 1382 1105 1428 1151; x_wconf 91' lang='lat' dir='ltr'>in</span> <span class='ocrx_word' id='word_1_75' title='bbox 1465 1105 1629 1153; x_wconf 90' lang='lat' dir='ltr'>futuro</span> <span class='ocrx_word' id='word_1_76' title='bbox 1653 1105 1819 1152; x_wconf 90' lang='lat' dir='ltr'>habere</span> <span class='ocrx_word' id='word_1_77' title='bbox 1844 1105 2017 1169; x_wconf 89' lang='lat' dir='ltr'>poteri-</span> 
     </span>
     <span class='ocr_line' id='line_1_12' title="bbox 404 1172 2016 1238; baseline 0.001 -20"><span class='ocrx_word' id='word_1_78' title='bbox 404 1188 507 1218; x_wconf 90' lang='lat' dir='ltr'>mus</span> <span class='ocrx_word' id='word_1_79' title='bbox 543 1172 600 1218; x_wconf 89' lang='lat' dir='ltr'>de</span> <span class='ocrx_word' id='word_1_80' title='bbox 632 1182 679 1219; x_wconf 93' lang='lat' dir='ltr'>et</span> <span class='ocrx_word' id='word_1_81' title='bbox 709 1172 756 1218; x_wconf 92' lang='lat' dir='ltr'>in</span> <span class='ocrx_word' id='word_1_82' title='bbox 792 1173 1013 1219; x_wconf 91' lang='lat' dir='ltr'>omnibus</span> <span class='ocrx_word' id='word_1_83' title='bbox 1047 1184 1094 1219; x_wconf 90' lang='lat' dir='ltr'>et</span> <span class='ocrx_word' id='word_1_84' title='bbox 1123 1173 1320 1238; x_wconf 85' lang='lat' dir='ltr'>singulis</span> <span class='ocrx_word' id='word_1_85' title='bbox 1361 1172 1449 1219; x_wconf 89' lang='lat' dir='ltr'>illis</span> <span class='ocrx_word' id='word_1_86' title='bbox 1488 1173 1623 1220; x_wconf 90' lang='lat' dir='ltr'>terris</span> <span class='ocrx_word' id='word_1_87' title='bbox 1659 1184 1704 1219; x_wconf 94' lang='lat' dir='ltr'>et</span> <span class='ocrx_word' id='word_1_88' title='bbox 1738 1172 2016 1220; x_wconf 87' lang='lat' dir='ltr'>tenementis</span> 
     </span>
     <span class='ocr_line' id='line_1_13' title="bbox 404 1239 2011 1305; baseline 0.001 -20"><span class='ocrx_word' id='word_1_89' title='bbox 404 1255 509 1285; x_wconf 93' lang='lat' dir='ltr'>cum</span> <span class='ocrx_word' id='word_1_90' title='bbox 542 1239 840 1303; x_wconf 90' lang='lat' dir='ltr'>pertinenciis</span> <span class='ocrx_word' id='word_1_91' title='bbox 867 1239 1130 1305; x_wconf 89' lang='lat' dir='ltr'>jacentibus</span> <span class='ocrx_word' id='word_1_92' title='bbox 1155 1252 1200 1287; x_wconf 92' lang='lat' dir='ltr'>et</span> <span class='ocrx_word' id='word_1_93' title='bbox 1224 1240 1529 1287; x_wconf 88' lang='lat' dir='ltr'>existentibus</span> <span class='ocrx_word' id='word_1_94' title='bbox 1557 1240 1680 1304; x_wconf 90' lang='lat' dir='ltr'>apud</span> <span class='ocrx_word' id='word_1_95' title='bbox 1706 1240 1939 1298; x_wconf 91' lang='lat' dir='ltr'>Asshecle,</span> <span class='ocrx_word' id='word_1_96' title='bbox 1967 1240 2011 1287; x_wconf 89' lang='lat' dir='ltr'>in</span> 
     </span>
     <span class='ocr_line' id='line_1_14' title="bbox 403 1307 2014 1372; baseline 0.001 -20"><span class='ocrx_word' id='word_1_97' title='bbox 403 1307 621 1369; x_wconf 87' lang='lat' dir='ltr'>parochia</span> <span class='ocrx_word' id='word_1_98' title='bbox 648 1307 706 1353; x_wconf 92' lang='lat' dir='ltr'>de</span> <span class='ocrx_word' id='word_1_99' title='bbox 730 1307 1054 1365; x_wconf 86' lang='lat' dir='ltr'>Northeborn‚</span> <span class='ocrx_word' id='word_1_100' title='bbox 1081 1325 1172 1371; x_wconf 91' lang='lat' dir='ltr'>que</span> <span class='ocrx_word' id='word_1_101' title='bbox 1207 1325 1295 1372; x_wconf 86' lang='lat' dir='ltr'>ego</span> <span class='ocrx_word' id='word_1_102' title='bbox 1331 1307 1569 1371; x_wconf 91' lang='lat' dir='ltr'>predictus</span> <span class='ocrx_word' id='word_1_103' title='bbox 1591 1307 1831 1354; x_wconf 90' lang='lat' dir='ltr'>Henricus</span> <span class='ocrx_word' id='word_1_104' title='bbox 1867 1324 2014 1371; x_wconf 88' lang='lat' dir='ltr'>nuper</span> 
     </span>
     <span class='ocr_line' id='line_1_15' title="bbox 403 1374 2013 1438; baseline 0.001 -18"><span class='ocrx_word' id='word_1_105' title='bbox 403 1374 657 1438; x_wconf 87' lang='lat' dir='ltr'>perquisivi</span> <span class='ocrx_word' id='word_1_106' title='bbox 700 1374 757 1421; x_wconf 91' lang='lat' dir='ltr'>de</span> <span class='ocrx_word' id='word_1_107' title='bbox 800 1374 1000 1422; x_wconf 88' lang='lat' dir='ltr'>Ricardo</span> <span class='ocrx_word' id='word_1_108' title='bbox 1040 1375 1266 1432; x_wconf 91' lang='lat' dir='ltr'>Palmere,</span> <span class='ocrx_word' id='word_1_109' title='bbox 1305 1375 1543 1438; x_wconf 89' lang='lat' dir='ltr'>quondam</span> <span class='ocrx_word' id='word_1_110' title='bbox 1587 1375 1645 1422; x_wconf 92' lang='lat' dir='ltr'>de</span> <span class='ocrx_word' id='word_1_111' title='bbox 1694 1375 1929 1432; x_wconf 88' lang='lat' dir='ltr'>Dovorra,</span> <span class='ocrx_word' id='word_1_112' title='bbox 1967 1386 2013 1422; x_wconf 90' lang='lat' dir='ltr'>et</span> 
     </span>
     <span class='ocr_line' id='line_1_16' title="bbox 401 1440 2014 1506; baseline 0.001 -19"><span class='ocrx_word' id='word_1_113' title='bbox 401 1451 535 1488; x_wconf 88' lang='lat' dir='ltr'>antea</span> <span class='ocrx_word' id='word_1_114' title='bbox 575 1440 769 1489; x_wconf 91' lang='lat' dir='ltr'>fuerunt</span> <span class='ocrx_word' id='word_1_115' title='bbox 818 1441 1149 1489; x_wconf 87' lang='lat' dir='ltr'>Bartholomeo</span> <span class='ocrx_word' id='word_1_116' title='bbox 1202 1444 1429 1489; x_wconf 89' lang='lat' dir='ltr'>Barowe:</span> <span class='ocrx_word' id='word_1_117' title='bbox 1492 1443 1552 1489; x_wconf 89' lang='lat' dir='ltr'>ita</span> <span class='ocrx_word' id='word_1_118' title='bbox 1598 1442 1729 1506; x_wconf 92' lang='lat' dir='ltr'>quod</span> <span class='ocrx_word' id='word_1_119' title='bbox 1789 1459 1871 1488; x_wconf 93' lang='lat' dir='ltr'>nec</span> <span class='ocrx_word' id='word_1_120' title='bbox 1930 1459 2014 1489; x_wconf 87' lang='lat' dir='ltr'>nos</span> 
     </span>
     <span class='ocr_line' id='line_1_17' title="bbox 401 1508 2012 1574; baseline 0.001 -19"><span class='ocrx_word' id='word_1_121' title='bbox 401 1508 595 1571; x_wconf 89' lang='lat' dir='ltr'>predicti</span> <span class='ocrx_word' id='word_1_122' title='bbox 655 1509 912 1566; x_wconf 81' lang='lat' dir='ltr'>HenricuS‚</span> <span class='ocrx_word' id='word_1_123' title='bbox 959 1511 1136 1574; x_wconf 85' lang='lat' dir='ltr'>Agnes,</span> <span class='ocrx_word' id='word_1_124' title='bbox 1193 1509 1443 1570; x_wconf 88' lang='lat' dir='ltr'>Johannes,</span> <span class='ocrx_word' id='word_1_125' title='bbox 1491 1521 1538 1556; x_wconf 93' lang='lat' dir='ltr'>et</span> <span class='ocrx_word' id='word_1_126' title='bbox 1588 1509 1813 1556; x_wconf 90' lang='lat' dir='ltr'>Ricardus</span> <span class='ocrx_word' id='word_1_127' title='bbox 1859 1510 2012 1567; x_wconf 79' lang='lat' dir='ltr'>VVest,</span> 
     </span>
     <span class='ocr_line' id='line_1_18' title="bbox 402 1576 2009 1640; baseline 0.001 -18"><span class='ocrx_word' id='word_1_128' title='bbox 402 1593 578 1640; x_wconf 89' lang='lat' dir='ltr'>necque</span> <span class='ocrx_word' id='word_1_129' title='bbox 619 1576 812 1623; x_wconf 90' lang='lat' dir='ltr'>heredes</span> <span class='ocrx_word' id='word_1_130' title='bbox 847 1577 1009 1634; x_wconf 87' lang='lat' dir='ltr'>nostri,</span> <span class='ocrx_word' id='word_1_131' title='bbox 1046 1594 1129 1624; x_wconf 92' lang='lat' dir='ltr'>nec</span> <span class='ocrx_word' id='word_1_132' title='bbox 1164 1576 1332 1640; x_wconf 89' lang='lat' dir='ltr'>aliquis</span> <span class='ocrx_word' id='word_1_133' title='bbox 1367 1577 1482 1623; x_wconf 88' lang='lat' dir='ltr'>alius</span> <span class='ocrx_word' id='word_1_134' title='bbox 1520 1576 1788 1623; x_wconf 89' lang='lat' dir='ltr'>nominibus</span> <span class='ocrx_word' id='word_1_135' title='bbox 1825 1576 2009 1634; x_wconf 89' lang='lat' dir='ltr'>nostris,</span> 
     </span>
     <span class='ocr_line' id='line_1_19' title="bbox 400 1643 2009 1708; baseline 0.001 -19"><span class='ocrx_word' id='word_1_136' title='bbox 400 1643 591 1708; x_wconf 90' lang='lat' dir='ltr'>aliquod</span> <span class='ocrx_word' id='word_1_137' title='bbox 608 1643 690 1708; x_wconf 89' lang='lat' dir='ltr'>jus</span> <span class='ocrx_word' id='word_1_138' title='bbox 712 1654 862 1690; x_wconf 90' lang='lat' dir='ltr'>status</span> <span class='ocrx_word' id='word_1_139' title='bbox 885 1643 1076 1692; x_wconf 91' lang='lat' dir='ltr'>titulum</span> <span class='ocrx_word' id='word_1_140' title='bbox 1113 1644 1332 1691; x_wconf 89' lang='lat' dir='ltr'>interesse</span> <span class='ocrx_word' id='word_1_141' title='bbox 1351 1645 1579 1691; x_wconf 91' lang='lat' dir='ltr'>clameum</span> <span class='ocrx_word' id='word_1_142' title='bbox 1603 1644 1700 1690; x_wconf 91' lang='lat' dir='ltr'>sive</span> <span class='ocrx_word' id='word_1_143' title='bbox 1725 1644 2009 1691; x_wconf 89' lang='lat' dir='ltr'>demandum</span> 
     </span>
     <span class='ocr_line' id='line_1_20' title="bbox 401 1710 2008 1774; baseline 0.001 -18"><span class='ocrx_word' id='word_1_144' title='bbox 401 1710 458 1757; x_wconf 92' lang='lat' dir='ltr'>de</span> <span class='ocrx_word' id='word_1_145' title='bbox 483 1711 555 1757; x_wconf 89' lang='lat' dir='ltr'>vel</span> <span class='ocrx_word' id='word_1_146' title='bbox 583 1711 629 1756; x_wconf 91' lang='lat' dir='ltr'>in</span> <span class='ocrx_word' id='word_1_147' title='bbox 656 1711 877 1774; x_wconf 90' lang='lat' dir='ltr'>predictis</span> <span class='ocrx_word' id='word_1_148' title='bbox 912 1711 1048 1759; x_wconf 88' lang='lat' dir='ltr'>terris</span> <span class='ocrx_word' id='word_1_149' title='bbox 1071 1722 1117 1759; x_wconf 92' lang='lat' dir='ltr'>et</span> <span class='ocrx_word' id='word_1_150' title='bbox 1144 1711 1422 1758; x_wconf 87' lang='lat' dir='ltr'>tenementis</span> <span class='ocrx_word' id='word_1_151' title='bbox 1446 1728 1552 1758; x_wconf 92' lang='lat' dir='ltr'>cum</span> <span class='ocrx_word' id='word_1_152' title='bbox 1591 1712 1900 1774; x_wconf 83' lang='lat' dir='ltr'>pertinenciiS‚</span> <span class='ocrx_word' id='word_1_153' title='bbox 1928 1728 2008 1758; x_wconf 88' lang='lat' dir='ltr'>nec</span> 
     </span>
     <span class='ocr_line' id='line_1_21' title="bbox 399 1777 2011 1843; baseline 0.001 -20"><span class='ocrx_word' id='word_1_154' title='bbox 399 1778 457 1824; x_wconf 94' lang='lat' dir='ltr'>de</span> <span class='ocrx_word' id='word_1_155' title='bbox 482 1778 553 1824; x_wconf 91' lang='lat' dir='ltr'>vel</span> <span class='ocrx_word' id='word_1_156' title='bbox 580 1777 626 1824; x_wconf 91' lang='lat' dir='ltr'>in</span> <span class='ocrx_word' id='word_1_157' title='bbox 651 1778 805 1843; x_wconf 87' lang='lat' dir='ltr'>aliqua</span> <span class='ocrx_word' id='word_1_158' title='bbox 829 1779 937 1825; x_wconf 90' lang='lat' dir='ltr'>inde</span> <span class='ocrx_word' id='word_1_159' title='bbox 961 1779 1172 1842; x_wconf 91' lang='lat' dir='ltr'>parcella,</span> <span class='ocrx_word' id='word_1_160' title='bbox 1197 1779 1254 1826; x_wconf 93' lang='lat' dir='ltr'>de</span> <span class='ocrx_word' id='word_1_161' title='bbox 1279 1790 1433 1826; x_wconf 90' lang='lat' dir='ltr'>cetero</span> <span class='ocrx_word' id='word_1_162' title='bbox 1456 1778 1637 1843; x_wconf 88' lang='lat' dir='ltr'>exigere</span> <span class='ocrx_word' id='word_1_163' title='bbox 1661 1790 1741 1826; x_wconf 90' lang='lat' dir='ltr'>aut</span> <span class='ocrx_word' id='word_1_164' title='bbox 1767 1779 2011 1826; x_wconf 87' lang='lat' dir='ltr'>vendicare</span> 
     </span>
     <span class='ocr_line' id='line_1_22' title="bbox 400 1845 2006 1909; baseline 0 -17"><span class='ocrx_word' id='word_1_165' title='bbox 400 1846 660 1909; x_wconf 89' lang='lat' dir='ltr'>poterimus</span> <span class='ocrx_word' id='word_1_166' title='bbox 703 1863 784 1893; x_wconf 91' lang='lat' dir='ltr'>nec</span> <span class='ocrx_word' id='word_1_167' title='bbox 826 1846 1068 1893; x_wconf 89' lang='lat' dir='ltr'>reclamare</span> <span class='ocrx_word' id='word_1_168' title='bbox 1103 1846 1328 1894; x_wconf 91' lang='lat' dir='ltr'>debemus</span> <span class='ocrx_word' id='word_1_169' title='bbox 1370 1846 1416 1892; x_wconf 93' lang='lat' dir='ltr'>in</span> <span class='ocrx_word' id='word_1_170' title='bbox 1459 1845 1640 1902; x_wconf 88' lang='lat' dir='ltr'>futuro,</span> <span class='ocrx_word' id='word_1_171' title='bbox 1683 1857 1751 1893; x_wconf 91' lang='lat' dir='ltr'>set</span> <span class='ocrx_word' id='word_1_172' title='bbox 1793 1857 1838 1892; x_wconf 92' lang='lat' dir='ltr'>at</span> <span class='ocrx_word' id='word_1_173' title='bbox 1879 1846 2006 1892; x_wconf 88' lang='lat' dir='ltr'>omni</span> 
     </span>
     <span class='ocr_line' id='line_1_23' title="bbox 400 1912 2008 1978; baseline 0 -19"><span class='ocrx_word' id='word_1_174' title='bbox 400 1913 584 1960; x_wconf 90' lang='lat' dir='ltr'>accione</span> <span class='ocrx_word' id='word_1_175' title='bbox 612 1912 735 1978; x_wconf 91' lang='lat' dir='ltr'>juris</span> <span class='ocrx_word' id='word_1_176' title='bbox 770 1924 919 1960; x_wconf 90' lang='lat' dir='ltr'>status</span> <span class='ocrx_word' id='word_1_177' title='bbox 955 1914 1078 1960; x_wconf 89' lang='lat' dir='ltr'>tituli</span> <span class='ocrx_word' id='word_1_178' title='bbox 1104 1914 1322 1961; x_wconf 90' lang='lat' dir='ltr'>interesse</span> <span class='ocrx_word' id='word_1_179' title='bbox 1359 1913 1517 1960; x_wconf 90' lang='lat' dir='ltr'>clamei</span> <span class='ocrx_word' id='word_1_180' title='bbox 1543 1930 1622 1959; x_wconf 87' lang='lat' dir='ltr'>seu</span> <span class='ocrx_word' id='word_1_181' title='bbox 1648 1913 1865 1960; x_wconf 87' lang='lat' dir='ltr'>demandi</span> <span class='ocrx_word' id='word_1_182' title='bbox 1901 1913 2008 1960; x_wconf 89' lang='lat' dir='ltr'>inde</span> 
     </span>
     <span class='ocr_line' id='line_1_24' title="bbox 400 1979 2010 2044; baseline 0.001 -19"><span class='ocrx_word' id='word_1_183' title='bbox 400 1979 596 2026; x_wconf 86' lang='lat' dir='ltr'>habend&#39;</span> <span class='ocrx_word' id='word_1_184' title='bbox 621 1979 716 2027; x_wconf 90' lang='lat' dir='ltr'>sive</span> <span class='ocrx_word' id='word_1_185' title='bbox 753 1981 940 2044; x_wconf 92' lang='lat' dir='ltr'>petend&#39;</span> <span class='ocrx_word' id='word_1_186' title='bbox 967 1981 1153 2044; x_wconf 91' lang='lat' dir='ltr'>penitus</span> <span class='ocrx_word' id='word_1_187' title='bbox 1177 1982 1320 2028; x_wconf 90' lang='lat' dir='ltr'>simus</span> <span class='ocrx_word' id='word_1_188' title='bbox 1345 1980 1517 2028; x_wconf 86' lang='lat' dir='ltr'>exclusi</span> <span class='ocrx_word' id='word_1_189' title='bbox 1555 1981 1902 2044; x_wconf 89' lang='lat' dir='ltr'>imperpetuum</span> <span class='ocrx_word' id='word_1_190' title='bbox 1930 1997 2010 2044; x_wconf 88' lang='lat' dir='ltr'>per</span> 
     </span>
     <span class='ocr_line' id='line_1_25' title="bbox 400 2058 647 2110; baseline 0 -17"><span class='ocrx_word' id='word_1_191' title='bbox 400 2058 647 2110; x_wconf 88' lang='lat' dir='ltr'>presentes.</span> 
     </span>
    </p>

    <p class='ocr_par' dir='ltr' id='par_1_4' title="bbox 398 2114 2009 2245">
     <span class='ocr_line' id='line_1_26' title="bbox 501 2114 2009 2179; baseline 0 -19"><span class='ocrx_word' id='word_1_192' title='bbox 501 2114 551 2160; x_wconf 92' lang='lat' dir='ltr'>In</span> <span class='ocrx_word' id='word_1_193' title='bbox 599 2114 732 2179; x_wconf 90' lang='lat' dir='ltr'>cujus</span> <span class='ocrx_word' id='word_1_194' title='bbox 779 2114 841 2160; x_wconf 90' lang='lat' dir='ltr'>rei</span> <span class='ocrx_word' id='word_1_195' title='bbox 893 2115 1217 2162; x_wconf 86' lang='lat' dir='ltr'>testimonium</span> <span class='ocrx_word' id='word_1_196' title='bbox 1278 2115 1383 2162; x_wconf 92' lang='lat' dir='ltr'>huic</span> <span class='ocrx_word' id='word_1_197' title='bbox 1432 2115 1631 2178; x_wconf 85' lang='lat' dir='ltr'>presenti</span> <span class='ocrx_word' id='word_1_198' title='bbox 1683 2125 1805 2161; x_wconf 88' lang='lat' dir='ltr'>carte</span> <span class='ocrx_word' id='word_1_199' title='bbox 1854 2125 2009 2161; x_wconf 90' lang='lat' dir='ltr'>nostre</span> 
     </span>
     <span class='ocr_line' id='line_1_27' title="bbox 398 2180 1071 2245; baseline 0.003 -19"><span class='ocrx_word' id='word_1_200' title='bbox 398 2180 547 2245; x_wconf 87' lang='lat' dir='ltr'>sigilla</span> <span class='ocrx_word' id='word_1_201' title='bbox 571 2193 728 2228; x_wconf 88' lang='lat' dir='ltr'>nostra</span> <span class='ocrx_word' id='word_1_202' title='bbox 751 2182 1071 2245; x_wconf 88' lang='lat' dir='ltr'>apposuimus.</span> 
     </span>
    </p>

    <p class='ocr_par' dir='ltr' id='par_1_5' title="bbox 402 2248 2007 2380">
     <span class='ocr_line' id='line_1_28' title="bbox 498 2248 2007 2313; baseline 0 -18"><span class='ocrx_word' id='word_1_203' title='bbox 498 2250 620 2295; x_wconf 87' lang='lat' dir='ltr'>Data</span> <span class='ocrx_word' id='word_1_204' title='bbox 643 2250 998 2312; x_wconf 89' lang='lat' dir='ltr'>quartodecimo</span> <span class='ocrx_word' id='word_1_205' title='bbox 1022 2250 1096 2296; x_wconf 86' lang='lat' dir='ltr'>die</span> <span class='ocrx_word' id='word_1_206' title='bbox 1122 2249 1301 2296; x_wconf 76' lang='lat' dir='ltr'>mensis¹</span> <span class='ocrx_word' id='word_1_207' title='bbox 1320 2249 1543 2296; x_wconf 86' lang='lat' dir='ltr'>Octobris</span> <span class='ocrx_word' id='word_1_208' title='bbox 1567 2266 1688 2296; x_wconf 84' lang='lat' dir='ltr'>anno</span> <span class='ocrx_word' id='word_1_209' title='bbox 1713 2249 1841 2313; x_wconf 87' lang='lat' dir='ltr'>regni</span> <span class='ocrx_word' id='word_1_210' title='bbox 1870 2248 2007 2313; x_wconf 89' lang='lat' dir='ltr'>Regis</span> 
     </span>
     <span class='ocr_line' id='line_1_29' title="bbox 402 2315 1480 2380; baseline 0.002 -18"><span class='ocrx_word' id='word_1_211' title='bbox 402 2315 605 2362; x_wconf 88' lang='lat' dir='ltr'>Henrici</span> <span class='ocrx_word' id='word_1_212' title='bbox 630 2316 817 2380; x_wconf 89' lang='lat' dir='ltr'>septimi</span> <span class='ocrx_word' id='word_1_213' title='bbox 844 2317 1034 2380; x_wconf 85' lang='lat' dir='ltr'>Anglie,</span> <span class='ocrx_word' id='word_1_214' title='bbox 1060 2316 1244 2364; x_wconf 89' lang='lat' dir='ltr'>decimo</span> <span class='ocrx_word' id='word_1_215' title='bbox 1269 2317 1480 2380; x_wconf 85' lang='lat' dir='ltr'>septimo.</span> 
     </span>
    </p>
   </div>
   <div class='ocr_carea' id='block_1_4' title="bbox 397 2566 538 2631">
    <p class='ocr_par' dir='ltr' id='par_1_6' title="bbox 397 2566 538 2631">
     <span class='ocr_line' id='line_1_30' title="bbox 397 2566 538 2631; baseline -0.014 0"><span class='ocrx_word' id='word_1_216' title='bbox 397 2566 538 2631; x_wconf 84' lang='lat'>[149]</span> 
     </span>
    </p>
   </div>
   <div class='ocr_carea' id='block_1_5' title="bbox 2071 0 2181 1929">
    <p class='ocr_par' dir='ltr' id='par_1_7' title="bbox 2071 0 2181 1929">
     <span class='ocr_line' id='line_1_31' title="bbox 2071 0 2181 1929; baseline 0 0"><span class='ocrx_word' id='word_1_217' title='bbox 2071 0 2181 1929; x_wconf 95' lang='lat' dir='ltr'> </span> 
     </span>
    </p>
   </div>
  </div>
 </body>
</html>
